%% This BibTeX bibliography file was created using BibDesk.
%% http://bibdesk.sourceforge.net/


%% Created for Raul Briceno at 2014-11-02 12:17:17 -0500 


%% Saved with string encoding Unicode (UTF-8) 

@article{Masjuan:2014psa,
      author         = "Masjuan, Pere and Ruiz de Elvira, Jacobo and
                        Sanz-Cillero, Juan José",
      title          = "{Precise determination of resonance pole parameters
                        through Padé approximants}",
      journal        = "Phys. Rev.",
      volume         = "D90",
      year           = "2014",
      number         = "9",
      pages          = "097901",
      doi            = "10.1103/PhysRevD.90.097901",
      eprint         = "1410.2397",
      archivePrefix  = "arXiv",
      primaryClass   = "hep-ph",
      reportNumber   = "MITP-14-070, IFT-UAM-CSIC-14-100, FTUAM-14-38",
      SLACcitation   = "%%CITATION = ARXIV:1410.2397;%%"
}



@article{Colangelo:2001df,
      author         = "Colangelo, G. and Gasser, J. and Leutwyler, H.",
      title          = "{$\pi \pi$ scattering}",
      journal        = "Nucl. Phys.",
      volume         = "B603",
      year           = "2001",
      pages          = "125-179",
      doi            = "10.1016/S0550-3213(01)00147-X",
      eprint         = "hep-ph/0103088",
      archivePrefix  = "arXiv",
      primaryClass   = "hep-ph",
      reportNumber   = "ZU-TH-3-01, BUTP-01-1",
      SLACcitation   = "%%CITATION = HEP-PH/0103088;%%"
}


@article{Zhou:2004ms,
      author         = "Zhou, Z. Y. and Qin, G. Y. and Zhang, P. and Xiao,
                        Zhiguang and Zheng, H. Q. and Wu, N.",
      title          = "{The Pole structure of the unitary, crossing symmetric
                        low energy pi pi scattering amplitudes}",
      journal        = "JHEP",
      volume         = "02",
      year           = "2005",
      pages          = "043",
      doi            = "10.1088/1126-6708/2005/02/043",
      eprint         = "hep-ph/0406271",
      archivePrefix  = "arXiv",
      primaryClass   = "hep-ph",
      SLACcitation   = "%%CITATION = HEP-PH/0406271;%%"
}

@article{GarciaMartin:2011jx,
      author         = "Garcia-Martin, R. and Kaminski, R. and Pelaez, J. R. and
                        Ruiz de Elvira, J.",
      title          = "{Precise determination of the f0(600) and f0(980) pole
                        parameters from a dispersive data analysis}",
      journal        = "Phys. Rev. Lett.",
      volume         = "107",
      year           = "2011",
      pages          = "072001",
      doi            = "10.1103/PhysRevLett.107.072001",
      eprint         = "1107.1635",
      archivePrefix  = "arXiv",
      primaryClass   = "hep-ph",
      SLACcitation   = "%%CITATION = ARXIV:1107.1635;%%"
}

@article{Masjuan:2013jha,
      author         = "Masjuan, Pere and Sanz-Cillero, Juan Jose",
      title          = "{Pade approximants and resonance poles}",
      journal        = "Eur. Phys. J.",
      volume         = "C73",
      year           = "2013",
      pages          = "2594",
      doi            = "10.1140/epjc/s10052-013-2594-4",
      eprint         = "1306.6308",
      archivePrefix  = "arXiv",
      primaryClass   = "hep-ph",
      SLACcitation   = "%%CITATION = ARXIV:1306.6308;%%"
}


@article{Roy:1971tc,
      author         = "Roy, S. M.",
      title          = "{Exact integral equation for pion pion scattering
                        involving only physical region partial waves}",
      journal        = "Phys. Lett.",
      volume         = "B36",
      year           = "1971",
      pages          = "353",
      doi            = "10.1016/0370-2693(71)90724-6",
      SLACcitation   = "%%CITATION = PHLTA,B36,353;%%"
}

@article{Pelaez:2015qba,
      author         = "Pelaez, J. R.",
      title          = "{From controversy to precision on the sigma meson: a
                        review on the status of the non-ordinary $f_0(500)$
                        resonance}",
      year           = "2015",
      eprint         = "1510.00653",
      archivePrefix  = "arXiv",
      primaryClass   = "hep-ph",
      SLACcitation   = "%%CITATION = ARXIV:1510.00653;%%"
}

@article{Bolton:2015psa,
      author         = "Bolton, Daniel R. and Briceno, Raul A. and Wilson, David
                        J.",
      title          = "{Connecting physical resonant amplitudes and lattice
                        QCD}",
      journal        = "Phys. Lett.",
      volume         = "B757",
      year           = "2016",
      pages          = "50-56",
      doi            = "10.1016/j.physletb.2016.03.043",
      eprint         = "1507.07928",
      archivePrefix  = "arXiv",
      primaryClass   = "hep-ph",
      reportNumber   = "JLAB-THY-15-2103, COLO-HEP-587",
      SLACcitation   = "%%CITATION = ARXIV:1507.07928;%%"
}

@article{Ananthanarayan:2000ht,
      author         = "Ananthanarayan, B. and Colangelo, G. and Gasser, J. and
                        Leutwyler, H.",
      title          = "{Roy equation analysis of pi pi scattering}",
      journal        = "Phys. Rept.",
      volume         = "353",
      year           = "2001",
      pages          = "207-279",
      doi            = "10.1016/S0370-1573(01)00009-6",
      eprint         = "hep-ph/0005297",
      archivePrefix  = "arXiv",
      primaryClass   = "hep-ph",
      reportNumber   = "IISC-CTS-12-99, ZU-TH-10-00, BUTP-99-33",
      SLACcitation   = "%%CITATION = HEP-PH/0005297;%%"
}


@book{Gribov:1186219,
      author        = "Gribov, Vladimir",
      title         = "{Strong interactions of hadrons at high energies: Gribov
                       lectures on theoretical physics}",
      publisher     = "Cambridge Univ. Press",
      address       = "Cambridge",
      series        = "Cambridge monographs on particle physics, nuclear physics,
                       and cosmology",
      year          = "2008",
      url           = "https://cds.cern.ch/record/1186219",
}

@inproceedings{Briceno:2016cxt,
      author         = "Briceno, Raul A.",
      title          = "{Meson electro-/photo-production from QCD}",
      booktitle      = "{ECT* Workshop on Nucleon Resonances: From
                        Photoproduction to High Photon Virtualities Trento, Italy,
                        October 12-16, 2015}",
      url            = "https://inspirehep.net/record/1446755/files/arXiv:1604.03782.pdf",
      year           = "2016",
      eprint         = "1604.03782",
      archivePrefix  = "arXiv",
      primaryClass   = "hep-ph",
      SLACcitation   = "%%CITATION = ARXIV:1604.03782;%%"
}
@article{Bernard:2012bi,
      author         = "Bernard, V. and Hoja, D. and Meissner, U. G. and
                        Rusetsky, A.",
      title          = "{Matrix elements of unstable states}",
      journal        = "JHEP",
      volume         = "09",
      year           = "2012",
      pages          = "023",
      doi            = "10.1007/JHEP09(2012)023",
      eprint         = "1205.4642",
      archivePrefix  = "arXiv",
      primaryClass   = "hep-lat",
      SLACcitation   = "%%CITATION = ARXIV:1205.4642;%%"
}
@article{Agadjanov:2016qdz,
      author         = "Agadjanov, Andria and Bernard, Véronique and Meißner,
                        Ulf-G. and Rusetsky, Akaki",
      title          = "{Radiative decays of resonances on the lattice}",
      booktitle      = "{Proceedings, 11th Conference on Quark Confinement and
                        the Hadron Spectrum (Confinement XI)}",
      journal        = "AIP Conf. Proc.",
      volume         = "1701",
      year           = "2016",
      pages          = "040001",
      doi            = "10.1063/1.4938618",
      SLACcitation   = "%%CITATION = APCPC,1701,040001;%%"
}

@article{Gegelia:2009py,
      author         = "Gegelia, J. and Scherer, S.",
      title          = "{How to define physical properties of unstable
                        particles}",
      journal        = "Eur. Phys. J.",
      volume         = "A44",
      year           = "2010",
      pages          = "425-430",
      doi            = "10.1140/epja/i2010-10955-5",
      eprint         = "0910.4280",
      archivePrefix  = "arXiv",
      primaryClass   = "hep-ph",
      SLACcitation   = "%%CITATION = ARXIV:0910.4280;%%"
}

@article{Hoja:2010fm,
      author         = "Hoja, D. and Meissner, U. -G. and Rusetsky, A.",
      title          = "{Resonances in an external field: The 1+1 dimensional
                        case}",
      journal        = "JHEP",
      volume         = "04",
      year           = "2010",
      pages          = "050",
      doi            = "10.1007/JHEP04(2010)050",
      eprint         = "1001.1641",
      archivePrefix  = "arXiv",
      primaryClass   = "hep-lat",
      reportNumber   = "FZJ-IKP-TH-2009-34, HISKP-TH-09-35",
      SLACcitation   = "%%CITATION = ARXIV:1001.1641;%%"
}

@article{Albaladejo:2012te,
      author         = "Albaladejo, M. and Oller, J. A.",
      title          = "{On the size of the sigma meson and its nature}",
      journal        = "Phys. Rev.",
      volume         = "D86",
      year           = "2012",
      pages          = "034003",
      doi            = "10.1103/PhysRevD.86.034003",
      eprint         = "1205.6606",
      archivePrefix  = "arXiv",
      primaryClass   = "hep-ph",
      SLACcitation   = "%%CITATION = ARXIV:1205.6606;%%"
}


@article{Gambhir:2016uwp,
      author         = "Gambhir, Arjun Singh and Stathopoulos, Andreas and
                        Orginos, Kostas",
      title          = "{Deflation as a Method of Variance Reduction for
                        Estimating the Trace of a Matrix Inverse}",
      year           = "2016",
      eprint         = "1603.05988",
      archivePrefix  = "arXiv",
      primaryClass   = "hep-lat",
      SLACcitation   = "%%CITATION = ARXIV:1603.05988;%%"
}

@article{Green:2015wqa,
      author         = "Green, Jeremy and Meinel, Stefan and Engelhardt, Michael
                        and Krieg, Stefan and Laeuchli, Jesse and Negele, John and
                        Orginos, Kostas and Pochinsky, Andrew and Syritsyn,
                        Sergey",
      title          = "{High-precision calculation of the strange nucleon
                        electromagnetic form factors}",
      journal        = "Phys. Rev.",
      volume         = "D92",
      year           = "2015",
      number         = "3",
      pages          = "031501",
      doi            = "10.1103/PhysRevD.92.031501",
      eprint         = "1505.01803",
      archivePrefix  = "arXiv",
      primaryClass   = "hep-lat",
      reportNumber   = "JLAB-THY-15-2043, RBRC-1140",
      SLACcitation   = "%%CITATION = ARXIV:1505.01803;%%"
}

@article{Davoudi:2015cba,
      author         = "Davoudi, Zohreh and Detmold, William",
      title          = "{Implementation of general background electromagnetic
                        fields on a periodic hypercubic lattice}",
      journal        = "Phys. Rev.",
      volume         = "D92",
      year           = "2015",
      number         = "7",
      pages          = "074506",
      doi            = "10.1103/PhysRevD.92.074506",
      eprint         = "1507.01908",
      archivePrefix  = "arXiv",
      primaryClass   = "hep-lat",
      reportNumber   = "MIT-CTP-4688",
      SLACcitation   = "%%CITATION = ARXIV:1507.01908;%%"
}

@article{Green:2014xba,
      author         = "Green, J. R. and Negele, J. W. and Pochinsky, A. V. and
                        Syritsyn, S. N. and Engelhardt, M. and Krieg, S.",
      title          = "{Nucleon electromagnetic form factors from lattice QCD
                        using a nearly physical pion mass}",
      journal        = "Phys. Rev.",
      volume         = "D90",
      year           = "2014",
      pages          = "074507",
      doi            = "10.1103/PhysRevD.90.074507",
      eprint         = "1404.4029",
      archivePrefix  = "arXiv",
      primaryClass   = "hep-lat",
      reportNumber   = "MIT-CTP-4456, WUB-13-13, BNL-104912-2014-JA",
      SLACcitation   = "%%CITATION = ARXIV:1404.4029;%%"
}

@article{Abdel-Rehim:2016won,
      author         = "Abdel-Rehim, A. and Alexandrou, C. and Constantinou, M.
                        and Hadjiyiannakou, K. and Jansen, K. and Kallidonis, Ch.
                        and Koutsou, G. and Aviles-Casco, A. Vaquero",
      title          = "{Direct evaluation of the quark content of the nucleon
                        from lattice QCD at the physical point}",
      year           = "2016",
      eprint         = "1601.01624",
      archivePrefix  = "arXiv",
      primaryClass   = "hep-lat",
      SLACcitation   = "%%CITATION = ARXIV:1601.01624;%%"
}

@article{Davoudi:2015zda,
      author         = "Davoudi, Zohreh and Detmold, William",
      title          = "{Composite Vector Particles in External Electromagnetic
                        Fields}",
      year           = "2015",
      eprint         = "1510.02444",
      archivePrefix  = "arXiv",
      primaryClass   = "hep-lat",
      reportNumber   = "MIT-CTP-4723",
      SLACcitation   = "%%CITATION = ARXIV:1510.02444;%%"
}


@article{Briceno:2016kkp,
      author         = "Briceno, Raul A. and Dudek, Jozef J. and Edwards,
                        Robert G. and Shultz, Christian J. and Thomas, Christopher
                        E. and Wilson, David J.",
      title          = "{The $\pi\pi\to\pi\gamma^\star$ amplitude and the
                        resonant $\rho\to\pi\gamma^\star$ transition from lattice
                        QCD}",
      year           = "2016",
      eprint         = "1604.03530",
      archivePrefix  = "arXiv",
      primaryClass   = "hep-ph",
      reportNumber   = "JLAB-THY-16-2237, DAMTP-2016-24",
      SLACcitation   = "%%CITATION = ARXIV:1604.03530;%%"
}

@article{Briceno:2015dca,
      author         = "Briceno, Raul A. and Dudek, Jozef J. and Edwards, Robert
                        G. and Shultz, Christian J. and Thomas, Christopher E. and
                        Wilson, David J.",
      title          = "{The resonant $\pi^+\gamma\to\pi^+\pi^0$ amplitude from
                        Quantum Chromodynamics}",
      journal        = "Phys. Rev. Lett.",
      volume         = "115",
      year           = "2015",
      pages          = "242001",
      doi            = "10.1103/PhysRevLett.115.242001",
      eprint         = "1507.06622",
      archivePrefix  = "arXiv",
      primaryClass   = "hep-ph",
      reportNumber   = "JLAB-THY-15-2106, DAMTP-2015-40",
      SLACcitation   = "%%CITATION = ARXIV:1507.06622;%%"
}


@article{Endres:2015gda,
      author         = "Endres, Michael G. and Shindler, Andrea and Tiburzi,
                        Brian C. and Walker-Loud, Andre",
      title          = "{Massive photons: an infrared regularization scheme for
                        lattice QCD+QED}",
      year           = "2015",
      eprint         = "1507.08916",
      archivePrefix  = "arXiv",
      primaryClass   = "hep-lat",
      reportNumber   = "MIT-CTP-4691, JLAB-THY-15-2112, NT@WM-15-12",
      SLACcitation   = "%%CITATION = ARXIV:1507.08916;%%"
}

@article{Beane:2014qha,
      author         = "Beane, Silas R. and Savage, Martin J.",
      title          = "{Two-Particle Elastic Scattering in a Finite Volume
                        Including QED}",
      journal        = "Phys. Rev.",
      volume         = "D90",
      year           = "2014",
      number         = "7",
      pages          = "074511",
      doi            = "10.1103/PhysRevD.90.074511",
      eprint         = "1407.4846",
      archivePrefix  = "arXiv",
      primaryClass   = "hep-lat",
      reportNumber   = "NT@UW-14-14, INT-PUB-14-020",
      SLACcitation   = "%%CITATION = ARXIV:1407.4846;%%"
}

@article{Detmold:2014fpa,
      author         = "Detmold, William and Flynn, Michael",
      title          = "{Finite-volume matrix elements in multiboson states}",
      journal        = "Phys. Rev.",
      volume         = "D91",
      year           = "2015",
      number         = "7",
      pages          = "074509",
      doi            = "10.1103/PhysRevD.91.074509",
      eprint         = "1412.3895",
      archivePrefix  = "arXiv",
      primaryClass   = "hep-lat",
      reportNumber   = "MIT-CTP-4622",
      SLACcitation   = "%%CITATION = ARXIV:1412.3895;%%"
}

 

@article{Wilson:2015a0,
      author         = "Wilson, David J. and Dudek, Jozef J. and Edwards, Robert
                        G.",
      title          = "{The $a_0$}",

	Note = {In preparation},
	Year = {2015}}



@article{Bowler:2004zb,
      author         = "Bowler, K. C. and Gill, J. F. and Maynard, C. M. and
                        Flynn, J. M.",
      title          = "{B ---> rho l nu form-factors in lattice QCD}",
      collaboration  = "UKQCD",
      journal        = "JHEP",
      volume         = "05",
      year           = "2004",
      pages          = "035",
      doi            = "10.1088/1126-6708/2004/05/035",
      eprint         = "hep-lat/0402023",
      archivePrefix  = "arXiv",
      primaryClass   = "hep-lat",
      reportNumber   = "EDINBURGH-2004-04, SHEP-0404",
      SLACcitation   = "%%CITATION = HEP-LAT/0402023;%%"
}

@article{Protopopescu:1973sh,
      author         = "Protopopescu, S.D. and Alston-Garnjost, M. and
                        Barbaro-Galtieri, A. and Flatte, Stanley M. and Friedman,
                        J.H. and others",
      title          = "{Pi pi Partial Wave Analysis from Reactions pi+ p --->
                        pi+ pi- Delta++ and pi+ p ---> K+ K- Delta++ at
                        7.1-GeV/c}",
      journal        = "Phys.Rev.",
      volume         = "D7",
      pages          = "1279",
      doi            = "10.1103/PhysRevD.7.1279",
      year           = "1973",
      reportNumber   = "LBL-787",
      SLACcitation   = "%%CITATION = PHRVA,D7,1279;%%",
}


@article{Estabrooks:1974vu,
      author         = "Estabrooks, P. and Martin, Alan D.",
      title          = "{pi pi Phase Shift Analysis Below the K anti-K
                        Threshold}",
      journal        = "Nucl. Phys.",
      volume         = "B79",
      year           = "1974",
      pages          = "301",
      doi            = "10.1016/0550-3213(74)90488-X",
      reportNumber   = "Print-74-0966 (DURHAM)",
      SLACcitation   = "%%CITATION = NUPHA,B79,301;%%"
}

@article{Eichmann:2011aa,
      author         = "Eichmann, G. and Nicmorus, D.",
      title          = "{Nucleon to Delta electromagnetic transition in the
                        Dyson-Schwinger approach}",
      journal        = "Phys. Rev.",
      volume         = "D85",
      year           = "2012",
      pages          = "093004",
      doi            = "10.1103/PhysRevD.85.093004",
      eprint         = "1112.2232",
      archivePrefix  = "arXiv",
      primaryClass   = "hep-ph",
      SLACcitation   = "%%CITATION = ARXIV:1112.2232;%%"
}

@article{Prelovsek:2013cra,
      author         = "Prelovsek, Sasa and Leskovec, Luka",
      title          = "{Evidence for X(3872) from DD* scattering on the
                        lattice}",
      journal        = "Phys. Rev. Lett.",
      volume         = "111",
      year           = "2013",
      pages          = "192001",
      doi            = "10.1103/PhysRevLett.111.192001",
      eprint         = "1307.5172",
      archivePrefix  = "arXiv",
      primaryClass   = "hep-lat",
      SLACcitation   = "%%CITATION = ARXIV:1307.5172;%%"
}

@inproceedings{Swanson:2015wgq,
      author         = "Swanson, Eric S.",
      title          = "{XYZ States: Theory Overview}",
      year           = "2015",
      eprint         = "1512.04853",
      archivePrefix  = "arXiv",
      primaryClass   = "hep-ph",
      SLACcitation   = "%%CITATION = ARXIV:1512.04853;%%"
}

@article{Briceno:2015rlt,
      author         = "Brice\~no, R. A. and others",
      title          = "{Issues and Opportunities in Exotic Hadrons}",
      year           = "2015",
      eprint         = "1511.06779",
      archivePrefix  = "arXiv",
      primaryClass   = "hep-ph",
      reportNumber   = "INT-PUB-15-066",
      SLACcitation   = "%%CITATION = ARXIV:1511.06779;%%"
}


@article{Segovia:2013rca,
      author         = "Segovia, Jorge and Chen, Chen and Roberts, Craig D. and
                        Wan, Shaolong",
      title          = "{Insights into the gamma* N -> Delta transition}",
      journal        = "Phys. Rev.",
      volume         = "C88",
      year           = "2013",
      number         = "3",
      pages          = "032201",
      doi            = "10.1103/PhysRevC.88.032201",
      eprint         = "1305.0292",
      archivePrefix  = "arXiv",
      primaryClass   = "nucl-th",
      SLACcitation   = "%%CITATION = ARXIV:1305.0292;%%"
}

@article{Segovia:2014aza,
      author         = "Segovia, Jorge and Cloet, Ian C. and Roberts, Craig D.
                        and Schmidt, Sebastian M.",
      title          = "{Nucleon and $\Delta$ elastic and transition form
                        factors}",
      journal        = "Few Body Syst.",
      volume         = "55",
      year           = "2014",
      pages          = "1185-1222",
      doi            = "10.1007/s00601-014-0907-2, 10.1007/s00601-014-0908-1",
      eprint         = "1408.2919",
      archivePrefix  = "arXiv",
      primaryClass   = "nucl-th",
      SLACcitation   = "%%CITATION = ARXIV:1408.2919;%%"
}

@article{Aznauryan:2011qj,
      author         = "Aznauryan, I. G. and Burkert, V. D.",
      title          = "{Electroexcitation of nucleon resonances}",
      journal        = "Prog. Part. Nucl. Phys.",
      volume         = "67",
      year           = "2012",
      pages          = "1-54",
      doi            = "10.1016/j.ppnp.2011.08.001",
      eprint         = "1109.1720",
      archivePrefix  = "arXiv",
      primaryClass   = "hep-ph",
      reportNumber   = "JLAB-PHY-11-1409",
      SLACcitation   = "%%CITATION = ARXIV:1109.1720;%%"
}

@article{Bernstein:2007jt,
      author         = "Bernstein, A. M. and Papanicolas, C. N.",
      title          = "{Overview: The shape of hadrons}",
      booktitle      = "{Shapes of hadrons. Proceedings, Athens, Greece, April
                        27-29, 2006}",
      journal        = "AIP Conf. Proc.",
      volume         = "904",
      year           = "2007",
      pages          = "1-22",
      doi            = "10.1063/1.2734399",
      note           = "[,1(2007)]",
      eprint         = "0708.0008",
      archivePrefix  = "arXiv",
      primaryClass   = "hep-ph",
      SLACcitation   = "%%CITATION = ARXIV:0708.0008;%%"
}

@article{Detmold:2004qn,
      author         = "Detmold, William and Savage, Martin J.",
      title          = "{Electroweak matrix elements in the two nucleon sector
                        from lattice QCD}",
      journal        = "Nucl. Phys.",
      volume         = "A743",
      year           = "2004",
      pages          = "170-193",
      doi            = "10.1016/j.nuclphysa.2004.07.007",
      eprint         = "hep-lat/0403005",
      archivePrefix  = "arXiv",
      primaryClass   = "hep-lat",
      reportNumber   = "NT-UW-04-004",
      SLACcitation   = "%%CITATION = HEP-LAT/0403005;%%"
}


@article{Christ:2015pwa,
      author         = "Christ, Norman H. and Feng, Xu and Martinelli, Guido and
                        Sachrajda, Christopher T.",
      title          = "{Effects of finite volume on the KL-KS mass difference}",
      journal        = "Phys. Rev.",
      volume         = "D91",
      year           = "2015",
      number         = "11",
      pages          = "114510",
      doi            = "10.1103/PhysRevD.91.114510",
      eprint         = "1504.01170",
      archivePrefix  = "arXiv",
      primaryClass   = "hep-lat",
      SLACcitation   = "%%CITATION = ARXIV:1504.01170;%%"
}

@article{Meyer:2011um,
      author         = "Meyer, Harvey B.",
      title          = "{Lattice QCD and the Timelike Pion Form Factor}",
      journal        = "Phys. Rev. Lett.",
      volume         = "107",
      year           = "2011",
      pages          = "072002",
      doi            = "10.1103/PhysRevLett.107.072002",
      eprint         = "1105.1892",
      archivePrefix  = "arXiv",
      primaryClass   = "hep-lat",
      SLACcitation   = "%%CITATION = ARXIV:1105.1892;%%"
}

@article{Bedaque:2006yi,
      author         = "Bedaque, Paulo F. and Sato, Ikuro and Walker-Loud, Andre",
      title          = "{Finite volume corrections to pi-pi scattering}",
      journal        = "Phys.Rev.",
      volume         = "D73",
      pages          = "074501",
      doi            = "10.1103/PhysRevD.73.074501",
      year           = "2006",
      eprint         = "hep-lat/0601033",
      archivePrefix  = "arXiv",
      primaryClass   = "hep-lat",
      reportNumber   = "NT-UW-05-15, LBNL-59327, NT@UW-05-15",
      SLACcitation   = "%%CITATION = HEP-LAT/0601033;%%",
}

@article{Hoferichter:2012pm,
      author         = "Hoferichter, Martin and Kubis, Bastian and Sakkas,
                        Dimitrios",
      title          = "{Extracting the chiral anomaly from gamma pi --> pi pi}",
      journal        = "Phys.Rev.",
      volume         = "D86",
      pages          = "116009",
      doi            = "10.1103/PhysRevD.86.116009",
      year           = "2012",
      eprint         = "1210.6793",
      archivePrefix  = "arXiv",
      primaryClass   = "hep-ph",
      SLACcitation   = "%%CITATION = ARXIV:1210.6793;%%",
}

@article{Wess:1971yu, 
      author         = "Wess, J. and Zumino, B.",
      title          = "{Consequences of anomalous Ward identities}",
      journal        = "Phys.Lett.",
      volume         = "B37",
      pages          = "95",
      doi            = "10.1016/0370-2693(71)90582-X",
      year           = "1971",
      SLACcitation   = "%%CITATION = PHLTA,B37,95;%%",
}

@article{Witten:1983tw,
      author         = "Witten, Edward",
      title          = "{Global Aspects of Current Algebra}",
      journal        = "Nucl.Phys.",
      volume         = "B223",
      pages          = "422-432",
      doi            = "10.1016/0550-3213(83)90063-9",
      year           = "1983",
      reportNumber   = "PRINT-83-0262 (PRINCETON)",
      SLACcitation   = "%%CITATION = NUPHA,B223,422;%%",
}

@article{Adolph:2014mup,
      author         = "Adolph, C. and others",
      title          = "{Measurement of radiative widths of $a_2(1320)$ and
                        $\pi_2(1670)$}",
      collaboration  = "COMPASS",
      journal        = "Eur.Phys.J.",
      volume         = "A50",
      pages          = "79",
      doi            = "10.1140/epja/i2014-14079-8",
      year           = "2014",
      eprint         = "1403.2644",
      archivePrefix  = "arXiv",
      primaryClass   = "hep-ex",
      reportNumber   = "CERN-PH-EP-2014-041",
      SLACcitation   = "%%CITATION = ARXIV:1403.2644;%%",
}


@article{Capraro:1987rp,
      author         = "Capraro, L. and Levy, P. and Querrou, M. and Van Hecke,
                        B. and Verbeken, M. and others",
      title          = "{The $\rho$ Radiative Decay Width: A Measurement at
                        200-{GeV}}",
      journal        = "Nucl.Phys.",
      volume         = "B288",
      pages          = "659",
      doi            = "10.1016/0550-3213(87)90233-1",
      year           = "1987",
      reportNumber   = "CERN-EP/87-37",
      SLACcitation   = "%%CITATION = NUPHA,B288,659;%%",
}

@article{Huston:1986wi,
      author         = "Huston, J. and Berg, D. and Chandlee, C. and Cihangir, S.
                        and Collick, B. and others",
      title          = "{Measurement of the Resonance Parameters and Radiative
                        Width of the $\rho^+$}",
      journal        = "Phys.Rev.",
      volume         = "D33",
      pages          = "3199",
      doi            = "10.1103/PhysRevD.33.3199",
      year           = "1986",
      reportNumber   = "UR-944, ER-13065-440",
      SLACcitation   = "%%CITATION = PHRVA,D33,3199;%%",
}

@article{Bourrely:2008za,
      author         = "Bourrely, Claude and Caprini, Irinel and Lellouch,
                        Laurent",
      title          = "{Model-independent description of B ---> pi l nu decays
                        and a determination of |V(ub)|}",
      journal        = "Phys.Rev.",
      volume         = "D79",
      pages          = "013008",
      doi            = "10.1103/PhysRevD.82.099902, 10.1103/PhysRevD.79.013008",
      year           = "2009",
      eprint         = "0807.2722",
      archivePrefix  = "arXiv",
      primaryClass   = "hep-ph",
      reportNumber   = "CPT-P36-2007",
      SLACcitation   = "%%CITATION = ARXIV:0807.2722;%%",
}

 @article{Briceno:2014oea,
      author         = "Brice\~no, Raul A.",
      title          = "{Two-particle multichannel systems in a finite volume
                        with arbitrary spin}",
      journal        = "Phys.Rev.",
      number         = "7",
      volume         = "D89",
      pages          = "074507",
      doi            = "10.1103/PhysRevD.89.074507",
      year           = "2014",
      eprint         = "1401.3312",
      archivePrefix  = "arXiv",
      primaryClass   = "hep-lat",
      reportNumber   = "JLAB-THY-14-1833",
      SLACcitation   = "%%CITATION = ARXIV:1401.3312;%%",
}

@article{Peardon:2009gh,
      author         = "Peardon, Michael and others",
      title          = "{A Novel quark-field creation operator construction for
                        hadronic physics in lattice QCD}",
      collaboration  = "Hadron Spectrum",
      journal        = "Phys.Rev.",
      volume         = "D80",
      pages          = "054506",
      doi            = "10.1103/PhysRevD.80.054506",
      year           = "2009",
      eprint         = "0905.2160",
      archivePrefix  = "arXiv",
      primaryClass   = "hep-lat",
      reportNumber   = "JLAB-THY-09-985",
      SLACcitation   = "%%CITATION = ARXIV:0905.2160;%%",
}
  	
@article{pdg:2014,
  author={K.A. Olive and Particle Data Group},
  title={Review of Particle Physics},
  journal={Chinese Physics C},
  volume={38},
  number={9},
  pages={090001},
  url={http://stacks.iop.org/1674-1137/38/i=9/a=090001},
  year={2014},
}

@article{Michael:1985ne,
      author         = "Michael, Christopher",
      title          = "{Adjoint Sources in Lattice Gauge Theory}",
      journal        = "Nucl.Phys.",
      volume         = "B259",
      pages          = "58",
      doi            = "10.1016/0550-3213(85)90297-4",
      year           = "1985",
      reportNumber   = "LTH 125",
      SLACcitation   = "%%CITATION = NUPHA,B259,58;%%",
}

@article{Luscher:1990ck,
      author         = "Luscher, Martin and Wolff, Ulli",
      title          = "{How to Calculate the Elastic Scattering Matrix in
                        Two-dimensional Quantum Field Theories by Numerical
                        Simulation}",
      journal        = "Nucl.Phys.",
      volume         = "B339",
      pages          = "222-252",
      doi            = "10.1016/0550-3213(90)90540-T",
      year           = "1990",
      reportNumber   = "DESY-90-010",
      SLACcitation   = "%%CITATION = NUPHA,B339,222;%%",
}


@article{Blossier:2009kd,
      author         = "Blossier, Benoit and Della Morte, Michele and von Hippel,
                        Georg and Mendes, Tereza and Sommer, Rainer",
      title          = "{On the generalized eigenvalue method for energies and
                        matrix elements in lattice field theory}",
      journal        = "JHEP",
      volume         = "0904",
      pages          = "094",
      doi            = "10.1088/1126-6708/2009/04/094",
      year           = "2009",
      eprint         = "0902.1265",
      archivePrefix  = "arXiv",
      primaryClass   = "hep-lat",
      reportNumber   = "DESY-09-014, SFB-CPP-09-10, MKPH-T-09-01,
                        LPT-ORSAY-09-05",
      SLACcitation   = "%%CITATION = ARXIV:0902.1265;%%",
}

@article{Dudek:2010wm,
      author         = "Dudek, Jozef J. and Edwards, Robert G. and Peardon,
                        Michael J. and Richards, David G. and Thomas, Christopher
                        E.",
      title          = "{Toward the excited meson spectrum of dynamical QCD}",
      journal        = "Phys.Rev.",
      volume         = "D82",
      pages          = "034508",
      doi            = "10.1103/PhysRevD.82.034508",
      year           = "2010",
      eprint         = "1004.4930",
      archivePrefix  = "arXiv",
      primaryClass   = "hep-ph",
      reportNumber   = "JLAB-THY-10-1171",
      SLACcitation   = "%%CITATION = ARXIV:1004.4930;%%",
}

@article{Dudek:2012gj,
      author         = "Dudek, Jozef J. and Edwards, Robert G. and Thomas,
                        Christopher E.",
      title          = "{S and D-wave phase shifts in isospin-2 pi pi scattering
                        from lattice QCD}",
      journal        = "Phys.Rev.",
      volume         = "D86",
      pages          = "034031",
      doi            = "10.1103/PhysRevD.86.034031",
      year           = "2012",
      eprint         = "1203.6041",
      archivePrefix  = "arXiv",
      primaryClass   = "hep-ph",
      reportNumber   = "JLAB-THY-12-1504, TCDMATH-12-03",
      SLACcitation   = "%%CITATION = ARXIV:1203.6041;%%",
}

@article{Lin:2008pr,
      author         = "Lin, Huey-Wen and others",
      title          = "{First results from 2+1 dynamical quark flavors on an
                        anisotropic lattice: Light-hadron spectroscopy and setting
                        the strange-quark mass}",
      collaboration  = "Hadron Spectrum Collaboration",
      journal        = "Phys.Rev.",
      volume         = "D79",
      pages          = "034502",
      doi            = "10.1103/PhysRevD.79.034502",
      year           = "2009",
      eprint         = "0810.3588",
      archivePrefix  = "arXiv",
      primaryClass   = "hep-lat",
      reportNumber   = "JLAB-THY-08-896, TCDMATH-08-13",
      SLACcitation   = "%%CITATION = ARXIV:0810.3588;%%",
}


@article{Detmold:2014hla,
      author         = "Detmold, William and Endres, Michael G.",
      title          = "{Signal/noise enhancement strategies for stochastically
                        estimated correlation functions}",
      journal        = "Phys.Rev.",
      volume         = "D90",
      pages          = "034503",
      doi            = "10.1103/PhysRevD.90.034503",
      year           = "2014",
      eprint         = "1404.6816",
      archivePrefix  = "arXiv",
      primaryClass   = "hep-lat",
      reportNumber   = "MIT-CTP-4545",
      SLACcitation   = "%%CITATION = ARXIV:1404.6816;%%",
}

@article{Feng:2014gba,
      author         = "Feng, Xu and Aoki, Sinya and Hashimoto, Shoji and Kaneko,
                        Takashi",
      title          = "{Timelike pion form factor in lattice QCD}",
      year           = "2014",
      eprint         = "1412.6319",
      archivePrefix  = "arXiv",
      primaryClass   = "hep-lat",
      reportNumber   = "CU-TP-1206, KEK-CP-316, YITP-14-96",
      SLACcitation   = "%%CITATION = ARXIV:1412.6319;%%",
}

@article{Jegerlehner:2009ry, 
      author         = "Jegerlehner, Fred and Nyffeler, Andreas",
      title          = "{The Muon g-2}",
      journal        = "Phys.Rept.",
      volume         = "477",
      pages          = "1-110",
      doi            = "10.1016/j.physrep.2009.04.003",
      year           = "2009",
      eprint         = "0902.3360",
      archivePrefix  = "arXiv",
      primaryClass   = "hep-ph",
      reportNumber   = "HU-EP-09-07, HRI-P-09-02-001, RECAPP-HRI-2009-003",
      SLACcitation   = "%%CITATION = ARXIV:0902.3360;%%",
}

@article{Prades:2009tw,
      author         = "Prades, Joaquim and de Rafael, Eduardo and Vainshtein,
                        Arkady",
      title          = "{Hadronic Light-by-Light Scattering Contribution to the
                        Muon Anomalous Magnetic Moment}",
      year           = "2009",
      eprint         = "0901.0306",
      archivePrefix  = "arXiv",
      primaryClass   = "hep-ph",
      reportNumber   = "UG-FT-242-08, CAFPE-112-08, CPT-P092-2008,
                        FTPI-MINN-08-41, UMN-TH-2723-08",
      SLACcitation   = "%%CITATION = ARXIV:0901.0306;%%",
}

@article{Colangelo:2014pva,
      author         = "Colangelo, Gilberto and Hoferichter, Martin and Kubis,
                        Bastian and Procura, Massimiliano and Stoffer, Peter",
      title          = "{Towards a data-driven analysis of hadronic
                        light-by-light scattering}",
      journal        = "Phys.Lett.",
      volume         = "B738",
      pages          = "6-12",
      doi            = "10.1016/j.physletb.2014.09.021",
      year           = "2014",
      eprint         = "1408.2517",
      archivePrefix  = "arXiv",
      primaryClass   = "hep-ph",
      SLACcitation   = "%%CITATION = ARXIV:1408.2517;%%",
}

@article{Colangelo:2014dfa,
      author         = "Colangelo, Gilberto and Hoferichter, Martin and Procura,
                        Massimiliano and Stoffer, Peter",
      title          = "{Dispersive approach to hadronic light-by-light
                        scattering}",
      journal        = "JHEP",
      volume         = "1409",
      pages          = "091",
      doi            = "10.1007/JHEP09(2014)091",
      year           = "2014",
      eprint         = "1402.7081",
      archivePrefix  = "arXiv",
      primaryClass   = "hep-ph",
      SLACcitation   = "%%CITATION = ARXIV:1402.7081;%%",
}

 

@article{Wilson:2014cna,
      author         = "Wilson, David J. and Dudek, Jozef J. and Edwards, Robert
                        G. and Thomas, Christopher E.",
      title          = "{Resonances in coupled $\pi K, \eta K$ scattering from
                        lattice QCD}",
      journal        = "Phys. Rev.",
      volume         = "D91",
      year           = "2015",
      number         = "5",
      pages          = "054008",
      doi            = "10.1103/PhysRevD.91.054008",
      eprint         = "1411.2004",
      archivePrefix  = "arXiv",
      primaryClass   = "hep-ph",
      reportNumber   = "JLAB-THY-14-1982, DAMTP-2014-81, JLAB-THY-14-1892",
      SLACcitation   = "%%CITATION = ARXIV:1411.2004;%%"
}

@article{Dudek:2012vr,
      author         = "Dudek, Jozef and Ent, Rolf and Essig, Rouven and Kumar,
                        K.S. and Meyer, Curtis and others",
      title          = "{Physics Opportunities with the 12 GeV Upgrade at
                        Jefferson Lab}",
      journal        = "Eur.Phys.J.",
      volume         = "A48",
      pages          = "187",
      doi            = "10.1140/epja/i2012-12187-1",
      year           = "2012",
      eprint         = "1208.1244",
      archivePrefix  = "arXiv",
      primaryClass   = "hep-ex",
      reportNumber   = "JLAB-PHY-12-1599",
      SLACcitation   = "%%CITATION = ARXIV:1208.1244;%%",
}

@article{Shultz:2015pfa,
      author         = "Shultz, Christian J. and Dudek, Jozef J. and Edwards,
                        Robert G.",
      title          = "{Excited meson radiative transitions from lattice QCD
                        using variationally optimized operators}",
      journal        = "Phys. Rev.",
      volume         = "D91",
      year           = "2015",
      number         = "11",
      pages          = "114501",
      doi            = "10.1103/PhysRevD.91.114501",
      eprint         = "1501.07457",
      archivePrefix  = "arXiv",
      primaryClass   = "hep-lat",
      reportNumber   = "JLAB-THY-15-2004",
      SLACcitation   = "%%CITATION = ARXIV:1501.07457;%%"
}

@article{Alexandrou:2007dt,
      author         = "Alexandrou, C. and Koutsou, G. and Neff, H. and Negele,
                        John W. and Schroers, W. and others",
      title          = "{Nucleon to delta electromagnetic transition form factors
                        in lattice QCD}",
      journal        = "Phys.Rev.",
      volume         = "D77",
      pages          = "085012",
      doi            = "10.1103/PhysRevD.77.085012",
      year           = "2008",
      eprint         = "0710.4621",
      archivePrefix  = "arXiv",
      primaryClass   = "hep-lat",
      reportNumber   = "MIT-CTP-3888",
      SLACcitation   = "%%CITATION = ARXIV:0710.4621;%%",
}
@article{Alexandrou:2007xj,
      author         = "Alexandrou, C. and Koutsou, G. and Leontiou, Th. and
                        Negele, John W. and Tsapalis, A.",
      title          = "{Axial Nucleon and Nucleon to Delta form factors and the
                        Goldberger-Treiman Relations from Lattice QCD}",
      journal        = "Phys.Rev.",
      volume         = "D76",
      pages          = "094511",
      doi            = "10.1103/PhysRevD.80.099901, 10.1103/PhysRevD.76.094511,
                        10.1103/PhysRevD.76.094511 10.1103/PhysRevD.80.099901",
      year           = "2007",
      eprint         = "0706.3011",
      archivePrefix  = "arXiv",
      primaryClass   = "hep-lat",
      reportNumber   = "MIT-CTP-3845",
      SLACcitation   = "%%CITATION = ARXIV:0706.3011;%%",
}

@article{Wasem:2011zz,
	Archiveprefix = {arXiv},
	Author = {Wasem, Joseph},
	Doi = {10.1103/PhysRevC.85.022501},
	Eprint = {1108.1151},
	Journal = {Phys.Rev.},
	Pages = {022501},
	Primaryclass = {hep-lat},
	Reportnumber = {LLNL-JRNL-491671, NT-UW-11-13},
	Slaccitation = {%%CITATION = ARXIV:1108.1151;%%},
	Title = {{Lattice QCD Calculation of Nuclear Parity Violation}},
	Volume = {C85},
	Year = {2012},
	Bdsk-Url-1 = {http://dx.doi.org/10.1103/PhysRevC.85.022501}}

@article{Briceno:2015csa,
      author         = "Brice\~no, Ra\'ul A. and Hansen, Maxwell T.",
      title          = "{Multichannel 0 $\to$ 2 and 1 $\to$ 2 transition
                        amplitudes for arbitrary spin particles in a finite
                        volume}",
      journal        = "Phys. Rev.",
      volume         = "D92",
      year           = "2015",
      number         = "7",
      pages          = "074509",
      doi            = "10.1103/PhysRevD.92.074509",
      eprint         = "1502.04314",
      archivePrefix  = "arXiv",
      primaryClass   = "hep-lat",
      reportNumber   = "JLAB-THY-15-2009",
      SLACcitation   = "%%CITATION = ARXIV:1502.04314;%%"
}

@article{Briceno:2015tza,
      author         = "Brice\~no, Raul A. and Hansen, Maxwell T.",
      title          = "{Relativistic, model-independent, multichannel $2\to2$
                        transition amplitudes in a finite volume}",
      year           = "2015",
      eprint         = "1509.08507",
      archivePrefix  = "arXiv",
      primaryClass   = "hep-lat",
      reportNumber   = "JLAB-THY-15-2140",
      SLACcitation   = "%%CITATION = ARXIV:1509.08507;%%"
}

@article{Briceno:2014uqa,
      author         = "Brice\~no, Raul A. and Hansen, Maxwell T. and
                        Walker-Loud, André",
      title          = "{Multichannel 1 $\rightarrow$ 2 transition amplitudes in
                        a finite volume}",
      journal        = "Phys.Rev.",
      number         = "3",
      volume         = "D91",
      pages          = "034501",
      doi            = "10.1103/PhysRevD.91.034501",
      year           = "2015",
      eprint         = "1406.5965",
      archivePrefix  = "arXiv",
      primaryClass   = "hep-lat",
      reportNumber   = "NT@WM-14-04, JLAB-THY-14-1909",
      SLACcitation   = "%%CITATION = ARXIV:1406.5965;%%",
}


@article{Bai:2015nea,
      author         = "Bai, Z. and Blum, T. and Boyle, P.A. and Christ, N.H. and
                        Frison, J. and others",
      title          = "{Standard-model prediction for direct CP violation in
                        $K\to\pi\pi$ decay}",
      year           = "2015",
      eprint         = "1505.07863",
      archivePrefix  = "arXiv",
      primaryClass   = "hep-lat",
      reportNumber   = "RBRC-1141",
      SLACcitation   = "%%CITATION = ARXIV:1505.07863;%%",
}


@article{Giller:2005uy,
      author         = "Giller, I. and Ocherashvili, A. and Ebertshauser, T. and
                        Moinester, M.A. and Scherer, S.",
      title          = "{A New determination of the gamma pi ---> pi pi anomalous
                        amplitude via pi- e- ---> pi- e- pi0 data}",
      journal        = "Eur.Phys.J.",
      volume         = "A25",
      pages          = "229-240",
      doi            = "10.1140/epja/i2005-10116-1",
      year           = "2005",
      eprint         = "hep-ph/0503207",
      archivePrefix  = "arXiv",
      primaryClass   = "hep-ph",
      reportNumber   = "MKPH-T-05-02",
      SLACcitation   = "%%CITATION = HEP-PH/0503207;%%",
}

@article{Truong:2001en,
      author         = "Truong, Tran N.",
      title          = "{Study of gamma pi ---> pi pi below 1-GeV using integral
                        equation approach}",
      journal        = "Phys.Rev.",
      volume         = "D65",
      pages          = "056004",
      doi            = "10.1103/PhysRevD.65.056004",
      year           = "2002",
      eprint         = "hep-ph/0105123",
      archivePrefix  = "arXiv",
      primaryClass   = "hep-ph",
      reportNumber   = "KEK-TH-755",
      SLACcitation   = "%%CITATION = HEP-PH/0105123;%%",
}

@article{Truong:2001en,
      author         = "Truong, Tran N.",
      title          = "{Study of gamma pi ---> pi pi below 1-GeV using integral
                        equation approach}",
      journal        = "Phys.Rev.",
      volume         = "D65",
      pages          = "056004",
      doi            = "10.1103/PhysRevD.65.056004",
      year           = "2002",
      eprint         = "hep-ph/0105123",
      archivePrefix  = "arXiv",
      primaryClass   = "hep-ph",
      reportNumber   = "KEK-TH-755",
      SLACcitation   = "%%CITATION = HEP-PH/0105123;%%",
}

@article{Hannah:2001ee,
      author         = "Hannah, Torben",
      title          = "{The Anomalous process gamma pi ---> pi pi to two loops}",
      journal        = "Nucl.Phys.",
      volume         = "B593",
      pages          = "577-595",
      doi            = "10.1016/S0550-3213(00)00641-6",
      year           = "2001",
      eprint         = "hep-ph/0102213",
      archivePrefix  = "arXiv",
      primaryClass   = "hep-ph",
      SLACcitation   = "%%CITATION = HEP-PH/0102213;%%",
}

@article{Bijnens:1989ff,
      author         = "Bijnens, Johan and Bramon, Albert and Cornet, Fernando",
      title          = "{Three Pseudoscalar Photon Interactions in Chiral
                        Perturbation Theory}",
      journal        = "Phys.Lett.",
      volume         = "B237",
      pages          = "488",
      doi            = "10.1016/0370-2693(90)91212-T",
      year           = "1990",
      reportNumber   = "UG-FT-2-89, LMU-TP-6-89, UAB-FT-227-89, UAB-FT-232-89",
      SLACcitation   = "%%CITATION = PHLTA,B237,488;%%",
}

@article{Antipov:1986tp,
      author         = "Antipov, Yu.M. and Batarin, V.A. and Bezzubov, V.A. and
                        Budanov, N.P. and Gorin, Yu.P. and others",
      title          = "{Investigation of $\gamma \to 3 \pi$ Chiral Anomaly
                        During Pion Pair Production by Pions in the Nuclear
                        Coulomb Field}",
      journal        = "Phys.Rev.",
      volume         = "D36",
      pages          = "21",
      doi            = "10.1103/PhysRevD.36.21",
      year           = "1987",
      reportNumber   = "JINR-P1-86-498",
      SLACcitation   = "%%CITATION = PHRVA,D36,21;%%",
}


@article{Ametller:2001yk,
      author         = "Ametller, L. and Knecht, M. and Talavera, P.",
      title          = "{Electromagnetic corrections to gamma pi+- ---> pi0
                        pi+-}",
      journal        = "Phys.Rev.",
      volume         = "D64",
      pages          = "094009",
      doi            = "10.1103/PhysRevD.64.094009",
      year           = "2001",
      eprint         = "hep-ph/0107127",
      archivePrefix  = "arXiv",
      primaryClass   = "hep-ph",
      SLACcitation   = "%%CITATION = HEP-PH/0107127;%%",
}

@article{Hoferichter:2012pm,
      author         = "Hoferichter, Martin and Kubis, Bastian and Sakkas,
                        Dimitrios",
      title          = "{Extracting the chiral anomaly from gamma pi --&gt; pi
                        pi}",
      journal        = "Phys.Rev.",
      volume         = "D86",
      pages          = "116009",
      doi            = "10.1103/PhysRevD.86.116009",
      year           = "2012",
      eprint         = "1210.6793",
      archivePrefix  = "arXiv",
      primaryClass   = "hep-ph",
      SLACcitation   = "%%CITATION = ARXIV:1210.6793;%%",
}

@article{Danilkin:2014cra,
      author         = "Danilkin, I.V. and Fernández-Ramírez, C. and Guo, P.
                        and Mathieu, V. and Schott, D. and others",
      title          = "{Dispersive Analysis of $\omega/\phi \rightarrow
                        3\pi,\,\pi \gamma^*$}",
      year           = "2014",
      eprint         = "1409.7708",
      archivePrefix  = "arXiv",
      primaryClass   = "hep-ph",
      SLACcitation   = "%%CITATION = ARXIV:1409.7708;%%",
}

@article{Kaiser:2008ss,
      author         = "Kaiser, N. and Friedrich, J.M.",
      title          = "{Cross-sections for low-energy pi- gamma reactions}",
      journal        = "Eur.Phys.J.",
      volume         = "A36",
      pages          = "181-188",
      doi            = "10.1140/epja/i2008-10582-9",
      year           = "2008",
      eprint         = "0803.0995",
      archivePrefix  = "arXiv",
      primaryClass   = "nucl-th",
      SLACcitation   = "%%CITATION = ARXIV:0803.0995;%%",
} 

@article{Endres:2011jm,
      author         = "Endres, Michael G. and Kaplan, David B. and Lee, Jong-Wan
                        and Nicholson, Amy N.",
      title          = "{Noise, sign problems, and statistics}",
      journal        = "Phys.Rev.Lett.",
      volume         = "107",
      pages          = "201601",
      doi            = "10.1103/PhysRevLett.107.201601",
      year           = "2011",
      eprint         = "1106.0073",
      archivePrefix  = "arXiv",
      primaryClass   = "hep-lat",
      reportNumber   = "INT-PUB-11-25, RIKEN-QHP-2",
      SLACcitation   = "%%CITATION = ARXIV:1106.0073;%%",
}

@article{Detmold:2014rfa,
      author         = "Detmold, William and Endres, Michael G.",
      title          = "{Signal/noise optimization strategies for stochastically
                        estimated correlation functions}",
      year           = "2014",
      eprint         = "1409.5667",
      archivePrefix  = "arXiv",
      primaryClass   = "hep-lat",
      reportNumber   = "MIT-CTP-4589",
      SLACcitation   = "%%CITATION = ARXIV:1409.5667;%%",
}

@article{Lang:2013uwa,
	Archiveprefix = {arXiv},
	Author = {Lang, C.B. and Verduci, V.},
	Doi = {10.1142/S2010194514600568},
	Eprint = {1309.4677},
	Journal = {Int.J.Mod.Phys.Conf.Ser.},
	Pages = {1460056},
	Primaryclass = {hep-lat},
	Slaccitation = {%%CITATION = ARXIV:1309.4677;%%},
	Title = {{Pion Nucleon Scattering: Some Results from Lattice QCD}},
	Volume = {26},
	Year = {2014},
	Bdsk-Url-1 = {http://dx.doi.org/10.1142/S2010194514600568}}

@article{Shi:2011mr,
	Archiveprefix = {arXiv},
	Author = {Shi, Zhifeng and Detmold, William},
	Date-Added = {2014-11-02 16:30:21 +0000},
	Date-Modified = {2014-11-02 16:30:21 +0000},
	Eprint = {1111.1656},
	Journal = {PoS},
	Pages = {328},
	Primaryclass = {hep-lat},
	Reportnumber = {JLAB-THY-11-1460},
	Slaccitation = {%%CITATION = ARXIV:1111.1656;%%},
	Title = {{Investigations of QCD at non-zero isospin density}},
	Volume = {LATTICE2011},
	Year = {2011}}

@article{Detmold:2013gua,
	Archiveprefix = {arXiv},
	Author = {Detmold, William and Nicholson, Amy N.},
	Date-Added = {2014-11-02 16:29:39 +0000},
	Date-Modified = {2014-11-02 16:29:39 +0000},
	Doi = {10.1103/PhysRevD.88.074501},
	Eprint = {1308.5186},
	Journal = {Phys.Rev.},
	Pages = {074501},
	Primaryclass = {hep-lat},
	Reportnumber = {MIT-CTP-4491, UM-DOE-ER-40762-529},
	Slaccitation = {%%CITATION = ARXIV:1308.5186;%%},
	Title = {{Baryon masses at nonzero isospin/kaon density}},
	Volume = {D88},
	Year = {2013},
	Bdsk-Url-1 = {http://dx.doi.org/10.1103/PhysRevD.88.074501}}

@article{Morningstar:2013bda,
	Archiveprefix = {arXiv},
	Author = {Morningstar, C. and Bulava, J. and Fahy, B. and Foley, J. and Jhang, Y.C. and others},
	Date-Added = {2014-11-02 16:29:14 +0000},
	Date-Modified = {2014-11-02 16:29:14 +0000},
	Doi = {10.1103/PhysRevD.88.014511},
	Eprint = {1303.6816},
	Journal = {Phys.Rev.},
	Number = {1},
	Pages = {014511},
	Primaryclass = {hep-lat},
	Slaccitation = {%%CITATION = ARXIV:1303.6816;%%},
	Title = {{Extended hadron and two-hadron operators of definite momentum for spectrum calculations in lattice QCD}},
	Volume = {D88},
	Year = {2013},
	Bdsk-Url-1 = {http://dx.doi.org/10.1103/PhysRevD.88.014511}}

@article{Foley:2012wb,
	Archiveprefix = {arXiv},
	Author = {Foley, Justina and Bulava, John and Jhang, You-Cyuan and Juge, Keisuke J. and Lenkner, David and others},
	Date-Added = {2014-11-02 16:29:06 +0000},
	Date-Modified = {2014-11-02 16:29:06 +0000},
	Eprint = {1205.4223},
	Journal = {PoS},
	Pages = {120},
	Primaryclass = {hep-lat},
	Reportnumber = {CERN-PH-TH-2012-130},
	Slaccitation = {%%CITATION = ARXIV:1205.4223;%%},
	Title = {{Group-theoretical construction of finite-momentum and multi-particle operators for lattice hadron spectroscopy}},
	Volume = {LATTICE2011},
	Year = {2011}}

@article{Peardon:2009gh,
	Archiveprefix = {arXiv},
	Author = {Peardon, Michael and others},
	Collaboration = {Hadron Spectrum Collaboration},
	Date-Added = {2014-11-02 16:28:24 +0000},
	Date-Modified = {2014-11-02 16:28:24 +0000},
	Doi = {10.1103/PhysRevD.80.054506},
	Eprint = {0905.2160},
	Journal = {Phys.Rev.},
	Pages = {054506},
	Primaryclass = {hep-lat},
	Reportnumber = {JLAB-THY-09-985},
	Slaccitation = {%%CITATION = ARXIV:0905.2160;%%},
	Title = {{A Novel quark-field creation operator construction for hadronic physics in lattice QCD}},
	Volume = {D80},
	Year = {2009},
	Bdsk-Url-1 = {http://dx.doi.org/10.1103/PhysRevD.80.054506}}

@article{Beane:2006mx,
	Archiveprefix = {arXiv},
	Author = {Beane, S.R. and Bedaque, P.F. and Orginos, K. and Savage, M.J.},
	Date-Added = {2014-11-02 16:25:30 +0000},
	Date-Modified = {2014-11-02 16:25:30 +0000},
	Doi = {10.1103/PhysRevLett.97.012001},
	Eprint = {hep-lat/0602010},
	Journal = {Phys.Rev.Lett.},
	Pages = {012001},
	Primaryclass = {hep-lat},
	Reportnumber = {JLAB-THY-06-462},
	Slaccitation = {%%CITATION = HEP-LAT/0602010;%%},
	Title = {{Nucleon-nucleon scattering from fully-dynamical lattice QCD}},
	Volume = {97},
	Year = {2006},
	Bdsk-Url-1 = {http://dx.doi.org/10.1103/PhysRevLett.97.012001}}

@article{Hansen:2014lya,
	Archiveprefix = {arXiv},
	Author = {Hansen, Maxwell T. and Sharpe, Stephen R.},
	Eprint = {1409.7012},
	Primaryclass = {hep-lat},
	Slaccitation = {%%CITATION = ARXIV:1409.7012;%%},
	Title = {{Three-particle quantization condition: an update}},
	Year = {2014}}



@article{BHWL,
      author         = "Brice\~no, Raul A. and Hansen, Maxwell T. and
                        Walker-Loud, Andre",
	Title = {{In preparation}},
	Year = {2014}}

@article{Ishizuka:2014nfa,
	Archiveprefix = {arXiv},
	Eprint = {1410.8237},
	Primaryclass = {hep-lat},
	Slaccitation = {%%CITATION = ARXIV:1410.8237;%%},
	Title = {{Calculation of $K \to \pi\pi$ decay amplitudes with improved Wilson fermion in 2+1 flavor lattice QCD}},
	Year = {2014}}

@article{Christ:2014qaa,
	Archiveprefix = {arXiv},
	Author = {Christ, N.H. and Martinelli, G. and Sachrajda, C.T.},
	Eprint = {1401.1362},
	Journal = {PoS},
	Pages = {399},
	Primaryclass = {hep-lat},
	Slaccitation = {%%CITATION = ARXIV:1401.1362;%%},
	Title = {{Finite-volume effects in the evaluation of the $K_L$ - $K_S$ mass difference}},
	Volume = {LATTICE2013},
	Year = {2014}}

@article{Christ:2010gi,
	Archiveprefix = {arXiv},
	Author = {Christ, Norman H.},
	Collaboration = {RBC Collaboration, UKQCD Collaboration},
	Eprint = {1012.6034},
	Primaryclass = {hep-lat},
	Slaccitation = {%%CITATION = ARXIV:1012.6034;%%},
	Title = {{Long-distance contributions to weak amplitudes}},
	Year = {2010}}

@article{Lee:2014iha,
      author         = "Lee, Jong-Wan and Tiburzi, Brian C.",
      title          = "{Reconciling the lattice background field method with
                        nonrelativistic QED: Spinor case}",
      doi            = "10.1103/PhysRevD.90.074036",
      year           = "2014",
      eprint         = "1407.8159",
      archivePrefix  = "arXiv",
      primaryClass   = "hep-lat",
      reportNumber   = "RBRC-1082",
      SLACcitation   = "%%CITATION = ARXIV:1407.8159;%%",
}

@article{Bai:2014cva,
	Archiveprefix = {arXiv},
	Author = {Bai, Z. and Christ, N.H. and Izubuchi, T. and Sachrajda, C.T. and Soni, A. and others},
	Doi = {10.1103/PhysRevLett.113.112003},
	Eprint = {1406.0916},
	Journal = {Phys.Rev.Lett.},
	Pages = {112003},
	Primaryclass = {hep-lat},
	Slaccitation = {%%CITATION = ARXIV:1406.0916;%%},
	Title = {{$K_L-K_S$ mass difference from lattice QCD}},
	Volume = {113},
	Year = {2014},
	Bdsk-Url-1 = {http://dx.doi.org/10.1103/PhysRevLett.113.112003}}

@article{Beane:2014ora,
	Archiveprefix = {arXiv},
	Author = {Beane, S.R. and Chang, E. and Cohen, S. and Detmold, W. and Lin, H.W. and others},
	Eprint = {1409.3556},
	Primaryclass = {hep-lat},
	Reportnumber = {NT@UW-14-19, INT-14-038, MIT-CTP-4586, RBRC-1090},
	Slaccitation = {%%CITATION = ARXIV:1409.3556;%%},
	Title = {{Magnetic moments of light nuclei from lattice quantum chromodynamics}},
	Year = {2014}}

@article{Blum:2007cy,
	Archiveprefix = {arXiv},
	Author = {Blum, Thomas and Doi, Takumi and Hayakawa, Masashi and Izubuchi, Taku and Yamada, Norikazu},
	Doi = {10.1103/PhysRevD.76.114508},
	Eprint = {0708.0484},
	Journal = {Phys.Rev.},
	Pages = {114508},
	Primaryclass = {hep-lat},
	Reportnumber = {KANAZAWA-07-11, KEK-CP-189, RBRC-636},
	Slaccitation = {%%CITATION = ARXIV:0708.0484;%%},
	Title = {{Determination of light quark masses from the electromagnetic splitting of pseudoscalar meson masses computed with two flavors of domain wall fermions}},
	Volume = {D76},
	Year = {2007},
	Bdsk-Url-1 = {http://dx.doi.org/10.1103/PhysRevD.76.114508}}

@article{deDivitiis:2013xla,
	Archiveprefix = {arXiv},
	Author = {de Divitiis, G.M. and Frezzotti, R. and Lubicz, V. and Martinelli, G. and Petronzio, R. and others},
	Doi = {10.1103/PhysRevD.87.114505},
	Eprint = {1303.4896},
	Journal = {Phys.Rev.},
	Pages = {114505},
	Primaryclass = {hep-lat},
	Slaccitation = {%%CITATION = ARXIV:1303.4896;%%},
	Title = {{Leading isospin breaking effects on the lattice}},
	Volume = {D87},
	Year = {2013},
	Bdsk-Url-1 = {http://dx.doi.org/10.1103/PhysRevD.87.114505}}

@article{Borsanyi:2013lga,
	Archiveprefix = {arXiv},
	Author = {Borsanyi, Sz. and Duerr, S. and Fodor, Z. and Frison, J. and Hoelbling, C. and others},
	Doi = {10.1103/PhysRevLett.111.252001},
	Eprint = {1306.2287},
	Journal = {Phys.Rev.Lett.},
	Pages = {252001},
	Primaryclass = {hep-lat},
	Reportnumber = {CPT-P002-2013},
	Slaccitation = {%%CITATION = ARXIV:1306.2287;%%},
	Title = {{Isospin splittings in the light baryon octet from lattice QCD and QED}},
	Volume = {111},
	Year = {2013},
	Bdsk-Url-1 = {http://dx.doi.org/10.1103/PhysRevLett.111.252001}}

@article{Portelli:2010yn,
	Archiveprefix = {arXiv},
	Author = {Portelli, A. and others},
	Collaboration = {Budapest-Marseille-Wuppertal Collaboration},
	Eprint = {1011.4189},
	Journal = {PoS},
	Pages = {121},
	Primaryclass = {hep-lat},
	Reportnumber = {CPT-P059-2010},
	Slaccitation = {%%CITATION = ARXIV:1011.4189;%%},
	Title = {{Electromagnetic corrections to light hadron masses}},
	Volume = {LATTICE2010},
	Year = {2010}}

@article{Aoki:2012st,
	Archiveprefix = {arXiv},
	Author = {Aoki, S. and Ishikawa, K.I. and Ishizuka, N. and Kanaya, K. and Kuramashi, Y. and others},
	Doi = {10.1103/PhysRevD.86.034507},
	Eprint = {1205.2961},
	Journal = {Phys.Rev.},
	Pages = {034507},
	Primaryclass = {hep-lat},
	Reportnumber = {UTCCS-P-66},
	Slaccitation = {%%CITATION = ARXIV:1205.2961;%%},
	Title = {{1+1+1 flavor QCD + QED simulation at the physical point}},
	Volume = {D86},
	Year = {2012},
	Bdsk-Url-1 = {http://dx.doi.org/10.1103/PhysRevD.86.034507}}

@article{Blum:2010ym,
	Archiveprefix = {arXiv},
	Author = {Blum, T. and Zhou, R. and Doi, T. and Hayakawa, M. and Izubuchi, T. and others},
	Doi = {10.1103/PhysRevD.82.094508},
	Eprint = {1006.1311},
	Journal = {Phys.Rev.},
	Pages = {094508},
	Primaryclass = {hep-lat},
	Reportnumber = {KEK-CP-235, RBRC-844},
	Slaccitation = {%%CITATION = ARXIV:1006.1311;%%},
	Title = {{Electromagnetic mass splittings of the low lying hadrons and quark masses from 2+1 flavor lattice QCD+QED}},
	Volume = {D82},
	Year = {2010},
	Bdsk-Url-1 = {http://dx.doi.org/10.1103/PhysRevD.82.094508}}

 

@article{Borsanyi:2014jba,
	Archiveprefix = {arXiv},
	Author = {Borsanyi, Sz. and Durr, S. and Fodor, Z. and Hoelbling, C. and Katz, S.D. and others},
	Eprint = {1406.4088},
	Primaryclass = {hep-lat},
	Slaccitation = {%%CITATION = ARXIV:1406.4088;%%},
	Title = {{Ab initio calculation of the neutron-proton mass difference}},
	Year = {2014}}

@article{Duncan:1996xy,
	Archiveprefix = {arXiv},
	Author = {Duncan, A. and Eichten, E. and Thacker, H.},
	Doi = {10.1103/PhysRevLett.76.3894},
	Eprint = {hep-lat/9602005},
	Journal = {Phys.Rev.Lett.},
	Pages = {3894-3897},
	Primaryclass = {hep-lat},
	Reportnumber = {FERMILAB-PUB-96-016-T},
	Slaccitation = {%%CITATION = HEP-LAT/9602005;%%},
	Title = {{Electromagnetic splittings and light quark masses in lattice QCD}},
	Volume = {76},
	Year = {1996},
	Bdsk-Url-1 = {http://dx.doi.org/10.1103/PhysRevLett.76.3894}}

@article{Hayakawa:2008an,
	Archiveprefix = {arXiv},
	Author = {Hayakawa, Masashi and Uno, Shunpei},
	Doi = {10.1143/PTP.120.413},
	Eprint = {0804.2044},
	Journal = {Prog.Theor.Phys.},
	Pages = {413-441},
	Primaryclass = {hep-ph},
	Slaccitation = {%%CITATION = ARXIV:0804.2044;%%},
	Title = {{QED in finite volume and finite size scaling effect on electromagnetic properties of hadrons}},
	Volume = {120},
	Year = {2008},
	Bdsk-Url-1 = {http://dx.doi.org/10.1143/PTP.120.413}}

@article{Davoudi:2014qua,
	Archiveprefix = {arXiv},
	Author = {Davoudi, Zohreh and Savage, Martin J.},
	Doi = {10.1103/PhysRevD.90.054503},
	Eprint = {1402.6741},
	Journal = {Phys.Rev.},
	Pages = {054503},
	Primaryclass = {hep-lat},
	Reportnumber = {INT-PUB-14-006},
	Slaccitation = {%%CITATION = ARXIV:1402.6741;%%},
	Title = {{Finite-Volume Electromagnetic Corrections to the Masses of Mesons, Baryons and Nuclei}},
	Volume = {D90},
	Year = {2014},
	Bdsk-Url-1 = {http://dx.doi.org/10.1103/PhysRevD.90.054503}}

@article{Briceno:2014tqa,
      author         = "Brice\~no, Raul A. and Davoudi, Zohreh and Luu, Thomas
                        C.",
      title          = "{Nuclear Reactions from Lattice QCD}",
      journal        = "J. Phys.",
      volume         = "G42",
      year           = "2015",
      number         = "2",
      pages          = "023101",
      doi            = "10.1088/0954-3899/42/2/023101",
      eprint         = "1406.5673",
      archivePrefix  = "arXiv",
      primaryClass   = "hep-lat",
      reportNumber   = "JLAB-THY-14-1901, INT-PUB-14-015",
      SLACcitation   = "%%CITATION = ARXIV:1406.5673;%%"
}
@article{Briceno:2014pka,
      author         = "Brice\~no, Raul A.",
      title          = "{Few-body physics}",
      booktitle      = "{Proceedings, 32nd International Symposium on Lattice
                        Field Theory (Lattice 2014)}",
      journal        = "PoS",
      volume         = "LATTICE2014",
      year           = "2015",
      pages          = "008",
      eprint         = "1411.6944",
      archivePrefix  = "arXiv",
      primaryClass   = "hep-lat",
      reportNumber   = "JLAB-THY-14-1977",
      SLACcitation   = "%%CITATION = ARXIV:1411.6944;%%"
}
@article{Meissner:2014dea,
      author         = "Meißner, Ulf-G. and Ríos, Guillermo and Rusetsky,
                        Akaki",
      title          = "{Spectrum of three-body bound states in a finite volume}",
      journal        = "Phys. Rev. Lett.",
      volume         = "114",
      year           = "2015",
      number         = "9",
      pages          = "091602",
      doi            = "10.1103/PhysRevLett.114.091602",
      eprint         = "1412.4969",
      archivePrefix  = "arXiv",
      primaryClass   = "hep-lat",
      SLACcitation   = "%%CITATION = ARXIV:1412.4969;%%"
}

@article{Hansen:2015zga,
      author         = "Hansen, Maxwell T. and Sharpe, Stephen R.",
      title          = "{Expressing the three-particle finite-volume spectrum in
                        terms of the three-to-three scattering amplitude}",
      year           = "2015",
      eprint         = "1504.04248",
      archivePrefix  = "arXiv",
      primaryClass   = "hep-lat",
      SLACcitation   = "%%CITATION = ARXIV:1504.04248;%%"
}

@article{Hansen:2015zta,
      author         = "Hansen, Maxwell T. and Sharpe, Stephen R.",
      title          = "{Perturbative results for two and three particle
                        threshold energies in finite volume}",
      year           = "2015",
      eprint         = "1509.07929",
      archivePrefix  = "arXiv",
      primaryClass   = "hep-lat",
      SLACcitation   = "%%CITATION = ARXIV:1509.07929;%%"
}
@inproceedings{Hansen:2015azg,
      author         = "Hansen, Maxwell T.",
      title          = "{Extracting three-body observables from finite-volume
                        quantities}",
      booktitle      = "{Proceedings, 33rd International Symposium on Lattice
                        Field Theory (Lattice 2015)}",
      year           = "2015",
      eprint         = "1511.04737",
      archivePrefix  = "arXiv",
      primaryClass   = "hep-lat",
      SLACcitation   = "%%CITATION = ARXIV:1511.04737;%%"
}
@article{Hansen:2014eka,
      author         = "Hansen, Maxwell T. and Sharpe, Stephen R.",
      title          = "{Relativistic, model-independent, three-particle
                        quantization condition}",
      journal        = "Phys.Rev.",
      number         = "11",
      volume         = "D90",
      pages          = "116003",
      doi            = "10.1103/PhysRevD.90.116003",
      year           = "2014",
      eprint         = "1408.5933",
      archivePrefix  = "arXiv",
      primaryClass   = "hep-lat",
      SLACcitation   = "%%CITATION = ARXIV:1408.5933;%%",
}


@article{Detmold:2015qwf,
      author         = "Detmold, William and Nicholson, Amy",
      title          = "{Low energy scattering phase shifts for meson-baryon
                        systems}",
      year           = "2015",
      eprint         = "1511.02275",
      archivePrefix  = "arXiv",
      primaryClass   = "hep-lat",
      reportNumber   = "MIT-CTP-4729",
      SLACcitation   = "%%CITATION = ARXIV:1511.02275;%%"
}


@article{Orginos:2015aya,
      author         = "Orginos, Kostas and Parreno, Assumpta and Savage, Martin
                        J. and Beane, Silas R. and Chang, Emmanuel and Detmold,
                        William",
      title          = "{Two Nucleon Systems at $m_\pi\sim 450~{\rm MeV}$ from
                        Lattice QCD}",
      year           = "2015",
      eprint         = "1508.07583",
      archivePrefix  = "arXiv",
      primaryClass   = "hep-lat",
      reportNumber   = "INT-PUB-15-042, NSF-KITP-15-120, NT@UW-15-09,
                        MIT-CTP-4709, JLAB-THY-15-2130",
      SLACcitation   = "%%CITATION = ARXIV:1508.07583;%%"
}

@article{Berkowitz:2015eaa,
      author         = "Berkowitz, Evan and Kurth, Thorsten and Nicholson, Amy
                        and Joo, Balint and Rinaldi, Enrico and Strother, Mark and
                        Vranas, Pavlos M. and Walker-Loud, Andre",
      title          = "{Two-Nucleon Higher Partial-Wave Scattering from Lattice
                        QCD}",
      year           = "2015",
      eprint         = "1508.00886",
      archivePrefix  = "arXiv",
      primaryClass   = "hep-lat",
      reportNumber   = "LLNL-JRNL-674381, NT@WM-15-13, JLAB-THY-15-2116",
      SLACcitation   = "%%CITATION = ARXIV:1508.00886;%%"
}

@article{Andreev:2010wd,
	Archiveprefix = {arXiv},
	Author = {Andreev, V.A. and others},
	Collaboration = {MuSun Collaboration},
	Eprint = {1004.1754},
	Primaryclass = {nucl-ex},
	Slaccitation = {%%CITATION = ARXIV:1004.1754;%%},
	Title = {{Muon Capture on the Deuteron -- The MuSun Experiment}},
	Year = {2010}}

@article{Bardin,
	Author = {Bardin, G. and Duclos, J. and Martino, J. and Bertin, A. and Capponi, M. and Piccinini, M. and Vitale, A.},
	Journal = {Nucl. Phys.},
	Pages = {591-604},
	Title = {A measurement of the muon capture rate in liquid deuterium by the lifetime technique},
	Volume = {A453},
	Year = {1986}}

@article{Ando:2001es,
	Archiveprefix = {arXiv},
	Author = {Ando, S. and Park, T.S. and Kubodera, K. and Myhrer, F.},
	Doi = {10.1016/S0370-2693(02)01619-2},
	Eprint = {nucl-th/0109053},
	Journal = {Phys.Lett.},
	Pages = {25-36},
	Primaryclass = {nucl-th},
	Reportnumber = {USC-NT-REPORT-01-9},
	Slaccitation = {%%CITATION = NUCL-TH/0109053;%%},
	Title = {{The mu- d capture rate in effective field theory}},
	Volume = {B533},
	Year = {2002},
	Bdsk-Url-1 = {http://dx.doi.org/10.1016/S0370-2693(02)01619-2}}

@article{Chen:2005ak,
	Archiveprefix = {arXiv},
	Author = {Chen, Jiunn-Wei and Inoue, Takashi and Ji, Xiang-dong and Li, Ying-chuan},
	Doi = {10.1103/PhysRevC.72.061001},
	Eprint = {nucl-th/0506001},
	Journal = {Phys.Rev.},
	Pages = {061001},
	Primaryclass = {nucl-th},
	Slaccitation = {%%CITATION = NUCL-TH/0506001;%%},
	Title = {{Fixing two-nucleon weak-axial coupling L(1,A) from mu- d capture}},
	Volume = {C72},
	Year = {2005},
	Bdsk-Url-1 = {http://dx.doi.org/10.1103/PhysRevC.72.061001}}

@article{Wei:2009zv,
	Archiveprefix = {arXiv},
	Author = {Wei, J.-T. and others},
	Collaboration = {BELLE Collaboration},
	Doi = {10.1103/PhysRevLett.103.171801},
	Eprint = {0904.0770},
	Journal = {Phys.Rev.Lett.},
	Pages = {171801},
	Primaryclass = {hep-ex},
	Reportnumber = {BELLE-PREPRINT-2009-7, KEK-PREPRINT-2008-56},
	Slaccitation = {%%CITATION = ARXIV:0904.0770;%%},
	Title = {{Measurement of the Differential Branching Fraction and Forward-Backword Asymmetry for B ---&gt; K(*)l+l-}},
	Volume = {103},
	Year = {2009},
	Bdsk-Url-1 = {http://dx.doi.org/10.1103/PhysRevLett.103.171801}}

@article{Aaltonen:2011ja,
	Archiveprefix = {arXiv},
	Author = {Aaltonen, T. and others},
	Collaboration = {CDF Collaboration},
	Doi = {10.1103/PhysRevLett.108.081807},
	Eprint = {1108.0695},
	Journal = {Phys.Rev.Lett.},
	Pages = {081807},
	Primaryclass = {hep-ex},
	Reportnumber = {FERMILAB-PUB-11-364-PPD},
	Slaccitation = {%%CITATION = ARXIV:1108.0695;%%},
	Title = {{Measurements of the Angular Distributions in the Decays $B \to K^{(*)} \mu^+ \mu^-$ at CDF}},
	Volume = {108},
	Year = {2012},
	Bdsk-Url-1 = {http://dx.doi.org/10.1103/PhysRevLett.108.081807}}

@article{Lees:2012tva,
	Archiveprefix = {arXiv},
	Author = {Lees, J.P. and others},
	Collaboration = {BaBar Collaboration},
	Doi = {10.1103/PhysRevD.86.032012},
	Eprint = {1204.3933},
	Journal = {Phys.Rev.},
	Pages = {032012},
	Primaryclass = {hep-ex},
	Reportnumber = {SLAC-PUB-14957, BABAR-PUB-12-002},
	Slaccitation = {%%CITATION = ARXIV:1204.3933;%%},
	Title = {{Measurement of Branching Fractions and Rate Asymmetries in the Rare Decays $B \to K^{(*)} l^+ l^-$}},
	Volume = {D86},
	Year = {2012},
	Bdsk-Url-1 = {http://dx.doi.org/10.1103/PhysRevD.86.032012}}

@article{Aaij:2013iag,
	Archiveprefix = {arXiv},
	Author = {Aaij, R. and others},
	Collaboration = {LHCb Collaboration},
	Doi = {10.1007/JHEP08(2013)131},
	Eprint = {1304.6325},
	Journal = {JHEP},
	Pages = {131},
	Reportnumber = {CERN-PH-EP-2013-074, LHCB-PAPER-2013-019},
	Slaccitation = {%%CITATION = ARXIV:1304.6325;%%},
	Title = {{Differential branching fraction and angular analysis of the decay $B^{0} \to K^{*0} \mu^{+}\mu^{-}$}},
	Volume = {1308},
	Year = {2013},
	Bdsk-Url-1 = {http://dx.doi.org/10.1007/JHEP08(2013)131}}

@article{Aaij:2013qta,
	Archiveprefix = {arXiv},
	Author = {Aaij, R and others},
	Collaboration = {LHCb collaboration},
	Doi = {10.1103/PhysRevLett.111.191801},
	Eprint = {1308.1707},
	Journal = {Phys.Rev.Lett.},
	Number = {19},
	Pages = {191801},
	Primaryclass = {hep-ex},
	Reportnumber = {LHCB-PAPER-2013-037, CERN-PH-EP-2013-146},
	Slaccitation = {%%CITATION = ARXIV:1308.1707;%%},
	Title = {{Measurement of Form-Factor-Independent Observables in the Decay $B^{0} \to K^{*0} \mu^+ \mu^-$}},
	Volume = {111},
	Year = {2013},
	Bdsk-Url-1 = {http://dx.doi.org/10.1103/PhysRevLett.111.191801}}

@article{Beaujean:2013soa,
	Archiveprefix = {arXiv},
	Author = {Beaujean, Frederik and Bobeth, Christoph and van Dyk, Danny},
	Eprint = {1310.2478},
	Primaryclass = {hep-ph},
	Reportnumber = {EOS-2013-01, SI-HEP-2013-10, QFET-2013-07, FLAVOUR(267104)-ERC-56},
	Slaccitation = {%%CITATION = ARXIV:1310.2478;%%},
	Title = {{Comprehensive Bayesian Analysis of Rare (Semi)leptonic and Radiative B Decays}},
	Year = {2013}}

@article{Wu:2014vma,
	Archiveprefix = {arXiv},
	Author = {Wu, Jia-Jun and Lee, T. -S. H. and Thomas, A.W. and Young, R.D.},
	Eprint = {1402.4868},
	Primaryclass = {hep-lat},
	Slaccitation = {%%CITATION = ARXIV:1402.4868;%%},
	Title = {{Finite-volume Hamiltonian method for coupled channel interactions in lattice QCD}},
	Year = {2014}}

@article{Hall:2013qba,
	Archiveprefix = {arXiv},
	Author = {Hall, J.M.M. and Hsu, A. C. -P. and Leinweber, D.B. and Thomas, A.W. and Young, R.D.},
	Doi = {10.1103/PhysRevD.87.094510},
	Eprint = {1303.4157},
	Journal = {Phys.Rev.},
	Number = {9},
	Pages = {094510},
	Primaryclass = {hep-lat},
	Reportnumber = {ADP-13-10-T830},
	Slaccitation = {%%CITATION = ARXIV:1303.4157;%%},
	Title = {{Finite-volume matrix Hamiltonian model for a $\Delta \to N\pi$ system}},
	Volume = {D87},
	Year = {2013},
	Bdsk-Url-1 = {http://dx.doi.org/10.1103/PhysRevD.87.094510}}

 
 @article{Dudek:2014qha,
      author         = "Dudek, Jozef J. and Edwards, Robert G. and Thomas,
                        Christopher E. and Wilson, David J.",
      title          = "{Resonances in coupled $\pi K -\eta K$ scattering from
                        quantum chromodynamics}",
      collaboration  = "Hadron Spectrum",
      journal        = "Phys. Rev. Lett.",
      volume         = "113",
      year           = "2014",
      number         = "18",
      pages          = "182001",
      doi            = "10.1103/PhysRevLett.113.182001",
      eprint         = "1406.4158",
      archivePrefix  = "arXiv",
      primaryClass   = "hep-ph",
      reportNumber   = "JLAB-THY-14-1891, DAMTP-2014-36",
      SLACcitation   = "%%CITATION = ARXIV:1406.4158;%%"
}

@article{GomezNicola:2001as,
	Archiveprefix = {arXiv},
	Author = {Gomez Nicola, A. and Pelaez, J.R.},
	Doi = {10.1103/PhysRevD.65.054009},
	Eprint = {hep-ph/0109056},
	Journal = {Phys.Rev.},
	Pages = {054009},
	Primaryclass = {hep-ph},
	Slaccitation = {%%CITATION = HEP-PH/0109056;%%},
	Title = {{Meson meson scattering within one loop chiral perturbation theory and its unitarization}},
	Volume = {D65},
	Year = {2002},
	Bdsk-Url-1 = {http://dx.doi.org/10.1103/PhysRevD.65.054009}}

@article{Beane:2014oea,
	Archiveprefix = {arXiv},
	Author = {Beane, Silas R. and Detmold, William and Orginos, Kostas and Savage, Martin J.},
	Eprint = {1410.2937},
	Primaryclass = {nucl-th},
	Reportnumber = {INT-PUB-14-048},
	Slaccitation = {%%CITATION = ARXIV:1410.2937;%%},
	Title = {{Uncertainty Quantification in Lattice QCD Calculations for Nuclear Physics}},
	Year = {2014}}

@article{Agadjanov:2014kha,
      author         = "Agadjanov, Andria and Bernard, Véronique and Meißner,
                        Ulf-G. and Rusetsky, Akaki",
      title          = "{A framework for the calculation of the $\Delta N\gamma^*$
                        transition form factors on the lattice}",
      journal        = "Nucl.Phys.",
      volume         = "B886",
      pages          = "1199-1222",
      doi            = "10.1016/j.nuclphysb.2014.07.023",
      year           = "2014",
      eprint         = "1405.3476",
      archivePrefix  = "arXiv",
      primaryClass   = "hep-lat",
      SLACcitation   = "%%CITATION = ARXIV:1405.3476;%%",
}
@article{Yamazaki:2008hg,
	Archiveprefix = {arXiv},
	Author = {Yamazaki, Takeshi},
	Collaboration = {RBC Collaboration, UKQCD Collaboration},
	Doi = {10.1103/PhysRevD.79.094506},
	Eprint = {0807.3130},
	Journal = {Phys.Rev.},
	Pages = {094506},
	Primaryclass = {hep-lat},
	Reportnumber = {RBRC-742},
	Slaccitation = {%%CITATION = ARXIV:0807.3130;%%},
	Title = {{On-shell Delta I = 3/2 kaon weak matrix elements with non-zero total momentum}},
	Volume = {D79},
	Year = {2009},
	Bdsk-Url-1 = {http://dx.doi.org/10.1103/PhysRevD.79.094506}}

@article{Yamazaki:2006ce,
	Archiveprefix = {arXiv},
	Author = {Yamazaki, Takeshi},
	Collaboration = {RIKEN-BNL-Columbia Collaboration},
	Eprint = {hep-lat/0610051},
	Journal = {PoS},
	Pages = {100},
	Primaryclass = {hep-lat},
	Reportnumber = {RBRC-615},
	Slaccitation = {%%CITATION = HEP-LAT/0610051;%%},
	Title = {{Calculation of Delta I = 3/2 kaon weak matrix elements including two-pion interaction effects in finite volume}},
	Volume = {LAT2006},
	Year = {2006}}

@article{Laiho:2003uy,
	Archiveprefix = {arXiv},
	Author = {Laiho, Jack and Soni, Amarjit},
	Doi = {10.1103/PhysRevD.71.014021},
	Eprint = {hep-lat/0306035},
	Journal = {Phys.Rev.},
	Pages = {014021},
	Primaryclass = {hep-lat},
	Reportnumber = {BNL-HET-03-13},
	Slaccitation = {%%CITATION = HEP-LAT/0306035;%%},
	Title = {{Lattice extraction of K ---&gt; pi pi amplitudes to NLO in partially quenched and in full chiral perturbation theory}},
	Volume = {D71},
	Year = {2005},
	Bdsk-Url-1 = {http://dx.doi.org/10.1103/PhysRevD.71.014021}}

@article{Kim:2002np,
	Archiveprefix = {arXiv},
	Author = {Kim, Chang-hoan and Christ, Norman H.},
	Doi = {10.1016/S0920-5632(03)01553-6},
	Eprint = {hep-lat/0210003},
	Journal = {Nucl.Phys.Proc.Suppl.},
	Pages = {365-367},
	Primaryclass = {hep-lat},
	Slaccitation = {%%CITATION = HEP-LAT/0210003;%%},
	Title = {{K ---&gt; pi pi decay amplitudes from the lattice}},
	Volume = {119},
	Year = {2003},
	Bdsk-Url-1 = {http://dx.doi.org/10.1016/S0920-5632(03)01553-6}}

@article{Laiho:2002jq,
	Archiveprefix = {arXiv},
	Author = {Laiho, Jack and Soni, Amarjit},
	Doi = {10.1103/PhysRevD.65.114020},
	Eprint = {hep-ph/0203106},
	Journal = {Phys.Rev.},
	Pages = {114020},
	Primaryclass = {hep-ph},
	Reportnumber = {BNL-HET-02-8},
	Slaccitation = {%%CITATION = HEP-PH/0203106;%%},
	Title = {{On lattice extraction of K ---&gt; pi pi amplitudes to O(p**4) in chiral perturbation theory}},
	Volume = {D65},
	Year = {2002},
	Bdsk-Url-1 = {http://dx.doi.org/10.1103/PhysRevD.65.114020}}

@article{Colangelo:2001uv,
	Archiveprefix = {arXiv},
	Author = {Colangelo, Gilberto},
	Doi = {10.1016/S0920-5632(01)01643-7},
	Eprint = {hep-lat/0111003},
	Journal = {Nucl.Phys.Proc.Suppl.},
	Pages = {53-61},
	Primaryclass = {hep-lat},
	Slaccitation = {%%CITATION = HEP-LAT/0111003;%%},
	Title = {{Chiral perturbation theory, dispersion relations and final state interactions in K ---&gt; pi pi}},
	Volume = {106},
	Year = {2002},
	Bdsk-Url-1 = {http://dx.doi.org/10.1016/S0920-5632(01)01643-7}}

@article{Lin:2001fi,
	Archiveprefix = {arXiv},
	Author = {Lin, C.J. David and Martinelli, G. and Sachrajda, C.T. and Testa, M.},
	Doi = {10.1016/S0920-5632(02)01419-6},
	Eprint = {hep-lat/0111033},
	Journal = {Nucl.Phys.Proc.Suppl.},
	Pages = {218-225},
	Primaryclass = {hep-lat},
	Slaccitation = {%%CITATION = HEP-LAT/0111033;%%},
	Title = {{Finite volume effects in weak hadronic decays}},
	Volume = {109A},
	Year = {2002},
	Bdsk-Url-1 = {http://dx.doi.org/10.1016/S0920-5632(02)01419-6}}

@article{Lin:2001ek,
	Archiveprefix = {arXiv},
	Author = {Lin, C.J. David and Martinelli, G. and Sachrajda, Christopher T. and Testa, M.},
	Doi = {10.1016/S0550-3213(01)00495-3},
	Eprint = {hep-lat/0104006},
	Journal = {Nucl.Phys.},
	Pages = {467-498},
	Primaryclass = {hep-lat},
	Reportnumber = {ROMA-1395-00},
	Slaccitation = {%%CITATION = HEP-LAT/0104006;%%},
	Title = {{K --&gt; pi pi decays in a finite volume}},
	Volume = {B619},
	Year = {2001},
	Bdsk-Url-1 = {http://dx.doi.org/10.1016/S0550-3213(01)00495-3}}

@article{Capitani:2000bm,
	Archiveprefix = {arXiv},
	Author = {Capitani, Stefano and Giusti, Leonardo},
	Doi = {10.1103/PhysRevD.64.014506},
	Eprint = {hep-lat/0011070},
	Journal = {Phys.Rev.},
	Pages = {014506},
	Primaryclass = {hep-lat},
	Reportnumber = {BUHEP-00-17, MIT-CTP-3029},
	Slaccitation = {%%CITATION = HEP-LAT/0011070;%%},
	Title = {{Analysis of the Delta I = 1/2 rule and epsilon-prime / epsilon with overlap fermions}},
	Volume = {D64},
	Year = {2001},
	Bdsk-Url-1 = {http://dx.doi.org/10.1103/PhysRevD.64.014506}}

@article{Pallante:2000ut,
	Archiveprefix = {arXiv},
	Author = {Pallante, Elisabetta},
	Doi = {10.1016/S0920-5632(01)01150-1},
	Eprint = {hep-ph/0010011},
	Journal = {Nucl.Phys.Proc.Suppl.},
	Pages = {336-341},
	Primaryclass = {hep-ph},
	Slaccitation = {%%CITATION = HEP-PH/0010011;%%},
	Title = {{Final state interactions and epsilon-prime / epsilon}},
	Volume = {96},
	Year = {2001},
	Bdsk-Url-1 = {http://dx.doi.org/10.1016/S0920-5632(01)01150-1}}

@article{Mawhinney:2000hk,
	Archiveprefix = {arXiv},
	Author = {Mawhinney, Robert D.},
	Collaboration = {RBC Collaboration},
	Doi = {10.1016/S0920-5632(01)00949-5},
	Eprint = {hep-lat/0010030},
	Journal = {Nucl.Phys.Proc.Suppl.},
	Pages = {315-318},
	Primaryclass = {hep-lat},
	Slaccitation = {%%CITATION = HEP-LAT/0010030;%%},
	Title = {{K ---&gt; pi pi decays with domain wall fermions: Towards physical results}},
	Volume = {94},
	Year = {2001},
	Bdsk-Url-1 = {http://dx.doi.org/10.1016/S0920-5632(01)00949-5}}

@article{Golterman:2000fw,
	Archiveprefix = {arXiv},
	Author = {Golterman, Maarten and Pallante, Elisabetta},
	Doi = {10.1088/1126-6708/2000/08/023},
	Eprint = {hep-lat/0006029},
	Journal = {JHEP},
	Pages = {023},
	Primaryclass = {hep-lat},
	Reportnumber = {UTCCP-P-88},
	Slaccitation = {%%CITATION = HEP-LAT/0006029;%%},
	Title = {{On the determination of nonleptonic kaon decays from K ---&gt; pi matrix elements}},
	Volume = {0008},
	Year = {2000},
	Bdsk-Url-1 = {http://dx.doi.org/10.1088/1126-6708/2000/08/023}}

@article{Buras:2000kx,
	Archiveprefix = {arXiv},
	Author = {Buras, A.J. and Ciuchini, Marco and Franco, E. and Isidori, G. and Martinelli, G. and others},
	Doi = {10.1016/S0370-2693(00)00362-2},
	Eprint = {hep-ph/0002116},
	Journal = {Phys.Lett.},
	Pages = {80-86},
	Primaryclass = {hep-ph},
	Reportnumber = {TUM-HEP-366-00, LPT-ORSAY-00-16},
	Slaccitation = {%%CITATION = HEP-PH/0002116;%%},
	Title = {{Final state interactions and epsilon-prime / epsilon: A Critical look}},
	Volume = {B480},
	Year = {2000},
	Bdsk-Url-1 = {http://dx.doi.org/10.1016/S0370-2693(00)00362-2}}

@article{Aoki:1997ev,
	Archiveprefix = {arXiv},
	Author = {Aoki, S. and others},
	Collaboration = {JLQCD Collaboration},
	Doi = {10.1103/PhysRevD.58.054503},
	Eprint = {hep-lat/9711046},
	Journal = {Phys.Rev.},
	Pages = {054503},
	Primaryclass = {hep-lat},
	Reportnumber = {KEK-CP-072, KEK-PREPRINT-97-218},
	Slaccitation = {%%CITATION = HEP-LAT/9711046;%%},
	Title = {{K+ ---&gt; pi+ pi0 decay amplitude with the Wilson quark action in quenched lattice QCD}},
	Volume = {D58},
	Year = {1998},
	Bdsk-Url-1 = {http://dx.doi.org/10.1103/PhysRevD.58.054503}}

@article{Bijnens:1998mb,
	Archiveprefix = {arXiv},
	Author = {Bijnens, Johan and Pallante, Elisabetta and Prades, Joaquim},
	Doi = {10.1016/S0550-3213(98)00202-8},
	Eprint = {hep-ph/9801326},
	Journal = {Nucl.Phys.},
	Pages = {305-333},
	Primaryclass = {hep-ph},
	Reportnumber = {BERN-98-02, LU-TP-98-2, UG-FT-78-97},
	Slaccitation = {%%CITATION = HEP-PH/9801326;%%},
	Title = {{Obtaining K ---&gt; pi pi from off-shell K ---&gt; pi amplitudes}},
	Volume = {B521},
	Year = {1998},
	Bdsk-Url-1 = {http://dx.doi.org/10.1016/S0550-3213(98)00202-8}}

@article{Rossi:1998kc,
	Archiveprefix = {arXiv},
	Author = {Rossi, G.C.},
	Eprint = {hep-lat/9811009},
	Primaryclass = {hep-lat},
	Slaccitation = {%%CITATION = HEP-LAT/9811009;%%},
	Title = {{Lattice approach to the Delta I = 1/2 rule}},
	Year = {1998}}

@article{Pekurovsky:1998jd,
	Archiveprefix = {arXiv},
	Author = {Pekurovsky, D. and Kilcup, G.},
	Doi = {10.1103/PhysRevD.64.074502},
	Eprint = {hep-lat/9812019},
	Journal = {Phys.Rev.},
	Pages = {074502},
	Primaryclass = {hep-lat},
	Slaccitation = {%%CITATION = HEP-LAT/9812019;%%},
	Title = {{Matrix elements relevant for Delta I = 1/2 rule and epsilon-prime / epsilon from lattice QCD with staggered fermions}},
	Volume = {D64},
	Year = {2001},
	Bdsk-Url-1 = {http://dx.doi.org/10.1103/PhysRevD.64.074502}}

@article{Pekurovsky:1999pn,
	Archiveprefix = {arXiv},
	Author = {Pekurovsky, D. and Kilcup, G.},
	Eprint = {hep-lat/9903025},
	Primaryclass = {hep-lat},
	Slaccitation = {%%CITATION = HEP-LAT/9903025;%%},
	Title = {{Lattice calculation of matrix elements relevant for Delta I = 1/2 rule and epsilon-prime / epsilon}},
	Year = {1999}}

@article{Pekurovsky:1999er,
	Archiveprefix = {arXiv},
	Author = {Pekurovsky, Dmitry},
	Eprint = {hep-lat/9909141},
	Primaryclass = {hep-lat},
	Slaccitation = {%%CITATION = HEP-LAT/9909141;%%},
	Title = {{Calculation of hadronic matrix elements relevant for delta I = 1/2 rule and epsilon-prime / epsilon in lattice QCD with staggered fermions}},
	Year = {1999}}

@article{Golterman:1997wb,
	Archiveprefix = {arXiv},
	Author = {Golterman, Maarten F.L. and Leung, Ka Chun},
	Doi = {10.1103/PhysRevD.56.2950},
	Eprint = {hep-lat/9702015},
	Journal = {Phys.Rev.},
	Pages = {2950-2969},
	Primaryclass = {hep-lat},
	Reportnumber = {WASH-U-HEP-97-60},
	Slaccitation = {%%CITATION = HEP-LAT/9702015;%%},
	Title = {{Chiral perturbation theory for K+ ---&gt; pi+ pi0 decay in the continuum and on the lattice}},
	Volume = {D56},
	Year = {1997},
	Bdsk-Url-1 = {http://dx.doi.org/10.1103/PhysRevD.56.2950}}

@article{Dawson:1997ic,
	Archiveprefix = {arXiv},
	Author = {Dawson, C. and Martinelli, G. and Rossi, G.C. and Sachrajda, Christopher T. and Sharpe, Stephen R. and others},
	Doi = {10.1016/S0550-3213(97)00756-6},
	Eprint = {hep-lat/9707009},
	Journal = {Nucl.Phys.},
	Pages = {313-335},
	Primaryclass = {hep-lat},
	Reportnumber = {EDINBURGH-97-6, ROME1-1174-97, ROM2F-97-25, SHEP-97-15, UW-PT-97-17},
	Slaccitation = {%%CITATION = HEP-LAT/9707009;%%},
	Title = {{New lattice approaches to the delta I = 1/2 rule}},
	Volume = {B514},
	Year = {1998},
	Bdsk-Url-1 = {http://dx.doi.org/10.1016/S0550-3213(97)00756-6}}

@article{Testa:1997ne,
	Archiveprefix = {arXiv},
	Author = {Testa, Massimo},
	Doi = {10.1016/S0920-5632(97)00694-4},
	Eprint = {hep-lat/9709044},
	Journal = {Nucl.Phys.Proc.Suppl.},
	Pages = {38-46},
	Primaryclass = {hep-lat},
	Slaccitation = {%%CITATION = HEP-LAT/9709044;%%},
	Title = {{Nonperturbative renormalization and kaon physics}},
	Volume = {63},
	Year = {1998},
	Bdsk-Url-1 = {http://dx.doi.org/10.1016/S0920-5632(97)00694-4}}

@article{Ciuchini:1996mq,
	Archiveprefix = {arXiv},
	Author = {Ciuchini, Marco and Franco, E. and Martinelli, G. and Silvestrini, L.},
	Doi = {10.1016/0370-2693(96)00529-1},
	Eprint = {hep-ph/9604240},
	Journal = {Phys.Lett.},
	Pages = {353-362},
	Primaryclass = {hep-ph},
	Reportnumber = {CERN-TH-96-31, LPTHE-ORSAY-96-09, ROME-1131-1996, ROM2F-96-06},
	Slaccitation = {%%CITATION = HEP-PH/9604240;%%},
	Title = {{Two-body nonleptonic decays on the lattice}},
	Volume = {B380},
	Year = {1996},
	Bdsk-Url-1 = {http://dx.doi.org/10.1016/0370-2693(96)00529-1}}

@article{Mastropas:2014fsa,
	Archiveprefix = {arXiv},
	Author = {Mastropas, Ekaterina V. and Richards, David G.},
	Eprint = {1403.5575},
	Primaryclass = {hep-lat},
	Reportnumber = {JLAB-THY-14-1858},
	Slaccitation = {%%CITATION = ARXIV:1403.5575;%%},
	Title = {{Decay constants of the pion and its excitations on the lattice}},
	Year = {2014}}

@article{Bowler:1993rz,
	Archiveprefix = {arXiv},
	Author = {Bowler, K.C. and others},
	Collaboration = {UKQCD Collaboration},
	Doi = {10.1103/PhysRevLett.72.1398},
	Eprint = {hep-lat/9311004},
	Journal = {Phys.Rev.Lett.},
	Pages = {1398-1401},
	Primaryclass = {hep-lat},
	Reportnumber = {EDINBURGH-93-528, SHEP-93-94-01},
	Slaccitation = {%%CITATION = HEP-LAT/9311004;%%},
	Title = {{B ---&gt; K* gamma: Penguins on the lattice}},
	Volume = {72},
	Year = {1994},
	Bdsk-Url-1 = {http://dx.doi.org/10.1103/PhysRevLett.72.1398}}

@article{Bernard:1993yt,
	Archiveprefix = {arXiv},
	Author = {Bernard, Claude W. and Hsieh, P. and Soni, A.},
	Doi = {10.1103/PhysRevLett.72.1402},
	Eprint = {hep-lat/9311010},
	Journal = {Phys.Rev.Lett.},
	Pages = {1402-1405},
	Primaryclass = {hep-lat},
	Reportnumber = {WASH-U-HEP-93-35},
	Slaccitation = {%%CITATION = HEP-LAT/9311010;%%},
	Title = {{B ---&gt; K* + gamma and B(s) ---&gt; phi + gamma on the lattice}},
	Volume = {72},
	Year = {1994},
	Bdsk-Url-1 = {http://dx.doi.org/10.1103/PhysRevLett.72.1402}}

@article{Burford:1995fc,
	Archiveprefix = {arXiv},
	Author = {Burford, D.R. and others},
	Collaboration = {UKQCD Collaboration},
	Doi = {10.1016/0550-3213(95)00223-F},
	Eprint = {hep-lat/9503002},
	Journal = {Nucl.Phys.},
	Pages = {425-440},
	Primaryclass = {hep-lat},
	Reportnumber = {SHEP-95-09, GUTPA-95-2-1, FERMILAB-PUB-95-023-T},
	Slaccitation = {%%CITATION = HEP-LAT/9503002;%%},
	Title = {{Form-factors for B ---&gt; pi lepton anti-lepton-neutrino and B ---&gt; K* gamma decays on the lattice}},
	Volume = {B447},
	Year = {1995},
	Bdsk-Url-1 = {http://dx.doi.org/10.1016/0550-3213(95)00223-F}}

@article{Abada:1995fa,
	Archiveprefix = {arXiv},
	Author = {Abada, A. and others},
	Collaboration = {APE Collaboration},
	Doi = {10.1016/0370-2693(95)01236-2},
	Eprint = {hep-lat/9503020},
	Journal = {Phys.Lett.},
	Pages = {275-284},
	Primaryclass = {hep-lat},
	Reportnumber = {CERN-TH-95-59, CERN-TH-95-059, ROME-1056-1994, LPTHE-ORSAY-94-88, SHEP-95-11},
	Slaccitation = {%%CITATION = HEP-LAT/9503020;%%},
	Title = {{A Lattice study of the exclusive B ---&gt; K* gamma decay amplitude, using the Clover action at Beta = 6.0}},
	Volume = {B365},
	Year = {1996},
	Bdsk-Url-1 = {http://dx.doi.org/10.1016/0370-2693(95)01236-2}}

@article{Becirevic:2006nm,
	Archiveprefix = {arXiv},
	Author = {Becirevic, Damir and Lubicz, Vittorio and Mescia, Federico},
	Doi = {10.1016/j.nuclphysb.2007.01.032},
	Eprint = {hep-ph/0611295},
	Journal = {Nucl.Phys.},
	Pages = {31-43},
	Primaryclass = {hep-ph},
	Reportnumber = {LPT-ORSAY-06-73, RM3-TH-06-22},
	Slaccitation = {%%CITATION = HEP-PH/0611295;%%},
	Title = {{An Estimate of the B ---&gt; K* gamma form factor}},
	Volume = {B769},
	Year = {2007},
	Bdsk-Url-1 = {http://dx.doi.org/10.1016/j.nuclphysb.2007.01.032}}

@article{Abada:2002ie,
	Archiveprefix = {arXiv},
	Author = {Abada, A. and others},
	Collaboration = {SPQcdR collaboration},
	Doi = {10.1016/S0920-5632(03)01643-8},
	Eprint = {hep-lat/0209116},
	Journal = {Nucl.Phys.Proc.Suppl.},
	Pages = {625-628},
	Primaryclass = {hep-lat},
	Reportnumber = {LPT-ORSAY-02-76, ROME-1341-02, RM3-TH-02-14, SHEP-02-23},
	Slaccitation = {%%CITATION = HEP-LAT/0209116;%%},
	Title = {{Heavy to light vector meson semileptonic decays}},
	Volume = {119},
	Year = {2003},
	Bdsk-Url-1 = {http://dx.doi.org/10.1016/S0920-5632(03)01643-8}}

@article{Bowler:2004zb,
	Archiveprefix = {arXiv},
	Author = {Bowler, K.C. and Gill, J.F. and Maynard, C.M. and Flynn, J.M.},
	Collaboration = {UKQCD Collaboration},
	Doi = {10.1088/1126-6708/2004/05/035},
	Eprint = {hep-lat/0402023},
	Journal = {JHEP},
	Pages = {035},
	Primaryclass = {hep-lat},
	Reportnumber = {EDINBURGH-2004-04, SHEP-0404},
	Slaccitation = {%%CITATION = HEP-LAT/0402023;%%},
	Title = {{B ---&gt; rho l nu form-factors in lattice QCD}},
	Volume = {0405},
	Year = {2004},
	Bdsk-Url-1 = {http://dx.doi.org/10.1088/1126-6708/2004/05/035}}

@article{Descotes-Genon:2013wba,
	Archiveprefix = {arXiv},
	Author = {Descotes-Genon, Sebastien and Matias, Joaquim and Virto, Javier},
	Doi = {10.1103/PhysRevD.88.074002},
	Eprint = {1307.5683},
	Journal = {Phys.Rev.},
	Pages = {074002},
	Primaryclass = {hep-ph},
	Reportnumber = {UAB-FT-737, LPT-ORSAY-13-58},
	Slaccitation = {%%CITATION = ARXIV:1307.5683;%%},
	Title = {{Understanding the $B \to K^*\mu^+\mu^-$ Anomaly}},
	Volume = {D88},
	Year = {2013},
	Bdsk-Url-1 = {http://dx.doi.org/10.1103/PhysRevD.88.074002}}

@article{Altmannshofer:2013foa,
	Archiveprefix = {arXiv},
	Author = {Altmannshofer, Wolfgang and Straub, David M.},
	Doi = {10.1140/epjc/s10052-013-2646-9},
	Eprint = {1308.1501},
	Journal = {Eur.Phys.J.},
	Pages = {2646},
	Primaryclass = {hep-ph},
	Reportnumber = {FERMILAB-PUB-13-310-T, MITP-13-047},
	Slaccitation = {%%CITATION = ARXIV:1308.1501;%%},
	Title = {{New physics in $B \to K^*\mu\mu$?}},
	Volume = {C73},
	Year = {2013},
	Bdsk-Url-1 = {http://dx.doi.org/10.1140/epjc/s10052-013-2646-9}}

@article{Bobeth:2012vn,
	Archiveprefix = {arXiv},
	Author = {Bobeth, Christoph and Hiller, Gudrun and van Dyk, Danny},
	Doi = {10.1103/PhysRevD.87.034016},
	Eprint = {1212.2321},
	Journal = {Phys.Rev.},
	Pages = {034016},
	Primaryclass = {hep-ph},
	Reportnumber = {DO-TH-12-16, EOS-2012-02, SI-HEP-2012-21, QFET-2012-02},
	Slaccitation = {%%CITATION = ARXIV:1212.2321;%%},
	Title = {{General Analysis of $\bar{B} \to \bar{K}^{(*)}\ell^+ \ell^-$ Decays at Low Recoil}},
	Volume = {D87},
	Year = {2013},
	Bdsk-Url-1 = {http://dx.doi.org/10.1103/PhysRevD.87.034016}}

@article{vanDyk:2013uaa,
	Archiveprefix = {arXiv},
	Author = {van Dyk, Danny},
	Eprint = {1307.6699},
	Primaryclass = {hep-ph},
	Reportnumber = {SI-HEP-2013-04, QFET-2013-03},
	Slaccitation = {%%CITATION = ARXIV:1307.6699;%%},
	Title = {{Phenomenology of the exclusive rare semileptonic decay $\bar{B} \to \bar{K} \pi \ell^+ \ell^-$}},
	Year = {2013}}

@article{Hambrock:2013zya,
	Archiveprefix = {arXiv},
	Author = {Hambrock, Christian and Hiller, Gudrun and Schacht, Stefan and Zwicky, Roman},
	Eprint = {1308.4379},
	Primaryclass = {hep-ph},
	Reportnumber = {DO-TH-13-13, QFET-2013-04, EDINBURGH-13-17, CP^3-ORIGINS-2013-025, DIAS-2013-25, EDINBURGH--13-17, --DIAS-2013-25, EDINBURGH--13-17, --DIAS-2013-25},
	Slaccitation = {%%CITATION = ARXIV:1308.4379;%%},
	Title = {{B -&gt; K^* Form Factors from Flavor Data to QCD and Back}},
	Year = {2013}}

@article{Horgan:2013hoa,
	Archiveprefix = {arXiv},
	Author = {Horgan, Ronald R. and Liu, Zhaofeng and Meinel, Stefan and Wingate, Matthew},
	Doi = {10.1103/PhysRevD.89.094501},
	Eprint = {1310.3722},
	Journal = {Phys.Rev.},
	Pages = {094501},
	Primaryclass = {hep-lat},
	Reportnumber = {DAMTP-2013-45, MIT-CTP-4507},
	Slaccitation = {%%CITATION = ARXIV:1310.3722;%%},
	Title = {{Lattice QCD calculation of form factors describing the rare decays $B \to K^* \ell^+ \ell^-$ and $B_s \to \phi \ell^+ \ell^-$}},
	Volume = {D89},
	Year = {2014},
	Bdsk-Url-1 = {http://dx.doi.org/10.1103/PhysRevD.89.094501}}

@article{Horgan:2013pva,
	Archiveprefix = {arXiv},
	Author = {Horgan, Ronald R. and Liu, Zhaofeng and Meinel, Stefan and Wingate, Matthew},
	Doi = {10.1103/PhysRevLett.112.212003},
	Eprint = {1310.3887},
	Journal = {Phys.Rev.Lett.},
	Pages = {212003},
	Primaryclass = {hep-ph},
	Reportnumber = {DAMTP-2013-55, MIT-CTP-4508},
	Slaccitation = {%%CITATION = ARXIV:1310.3887;%%},
	Title = {{Calculation of $B^0 \to K^{*0} \mu^+ \mu^-$ and $B_s^0 \to \phi \mu^+ \mu^-$ observables using form factors from lattice QCD}},
	Volume = {112},
	Year = {2014},
	Bdsk-Url-1 = {http://dx.doi.org/10.1103/PhysRevLett.112.212003}}

@article{Smith:2012ch,
	Author = {Smith, Elton S.},
	Collaboration = {GlueX Collaboration},
	Doi = {10.1051/epjconf/20123701026},
	Journal = {EPJ Web Conf.},
	Pages = {01026},
	Reportnumber = {JLAB-PHY-12-1615},
	Slaccitation = {%%CITATION = 00776,37,01026;%%},
	Title = {{GlueX: Photoproduction of hybrid mesons}},
	Volume = {37},
	Year = {2012},
	Bdsk-Url-1 = {http://dx.doi.org/10.1051/epjconf/20123701026}}

@article{Basak:2005aq,
	Archiveprefix = {arXiv},
	Author = {Basak, S. and Edwards, R.G. and Fleming, G.T. and Heller, U.M. and Morningstar, C. and others},
	Doi = {10.1103/PhysRevD.72.094506},
	Eprint = {hep-lat/0506029},
	Journal = {Phys.Rev.},
	Pages = {094506},
	Primaryclass = {hep-lat},
	Reportnumber = {JLAB-THY-05-376},
	Slaccitation = {%%CITATION = HEP-LAT/0506029;%%},
	Title = {{Group-theoretical construction of extended baryon operators in lattice QCD}},
	Volume = {D72},
	Year = {2005},
	Bdsk-Url-1 = {http://dx.doi.org/10.1103/PhysRevD.72.094506}}

@article{Johnson:1982yq,
	Author = {Johnson, R.C.},
	Doi = {10.1016/0370-2693(82)90134-4},
	Journal = {Phys.Lett.},
	Pages = {147},
	Reportnumber = {CERN-TH-3245-REV, CERN-TH-3245},
	Slaccitation = {%%CITATION = PHLTA,B114,147;%%},
	Title = {{ANGULAR MOMENTUM ON A LATTICE}},
	Volume = {B114},
	Year = {1982},
	Bdsk-Url-1 = {http://dx.doi.org/10.1016/0370-2693(82)90134-4}}

@article{Mandula:1983wb,
	Author = {Mandula, Jeffrey E. and Shpiz, Edward},
	Doi = {10.1016/0550-3213(84)90366-3},
	Journal = {Nucl.Phys.},
	Pages = {180},
	Reportnumber = {PRINT-83-0999 (WASH-U.,ST.LOUIS)},
	Slaccitation = {%%CITATION = NUPHA,B232,180;%%},
	Title = {{Doubled Valued Representations of the Four-dimensional Cubic Lattice Rotation Group}},
	Volume = {B232},
	Year = {1984},
	Bdsk-Url-1 = {http://dx.doi.org/10.1016/0550-3213(84)90366-3}}

@article{Moore:2005dw,
	Archiveprefix = {arXiv},
	Author = {Moore, David C. and Fleming, George Tamminga},
	Doi = {10.1103/PhysRevD.73.014504, 10.1103/PhysRevD.74.079905},
	Eprint = {hep-lat/0507018},
	Journal = {Phys.Rev.},
	Pages = {014504},
	Primaryclass = {hep-lat},
	Slaccitation = {%%CITATION = HEP-LAT/0507018;%%},
	Title = {{Angular momentum on the lattice: The Case of non-zero linear momentum}},
	Volume = {D73},
	Year = {2006},
	Bdsk-Url-1 = {http://dx.doi.org/10.1103/PhysRevD.73.014504,%2010.1103/PhysRevD.74.079905}}

@article{Moore:2006ng,
	Archiveprefix = {arXiv},
	Author = {Moore, David C. and Fleming, George T.},
	Doi = {10.1103/PhysRevD.74.054504},
	Eprint = {hep-lat/0607004},
	Journal = {Phys.Rev.},
	Pages = {054504},
	Primaryclass = {hep-lat},
	Slaccitation = {%%CITATION = HEP-LAT/0607004;%%},
	Title = {{Multiparticle States and the Hadron Spectrum on the Lattice}},
	Volume = {D74},
	Year = {2006},
	Bdsk-Url-1 = {http://dx.doi.org/10.1103/PhysRevD.74.054504}}

@article{Doi:2012xd,
	Archiveprefix = {arXiv},
	Author = {Doi, Takumi and Endres, Michael G.},
	Doi = {10.1016/j.cpc.2012.09.004},
	Eprint = {1205.0585},
	Journal = {Comput. Phys. Commun.},
	Pages = {117},
	Primaryclass = {hep-lat},
	Reportnumber = {RIKEN-QHP-18},
	Slaccitation = {%%CITATION = ARXIV:1205.0585;%%},
	Title = {{Unified contraction algorithm for multi-baryon correlators on the lattice}},
	Volume = {184},
	Year = {2013},
	Bdsk-Url-1 = {http://dx.doi.org/10.1016/j.cpc.2012.09.004}}

@article{Davoudi:2012ya,
	Archiveprefix = {arXiv},
	Author = {Davoudi, Zohreh and Savage, Martin J.},
	Doi = {10.1103/PhysRevD.86.054505},
	Eprint = {1204.4146},
	Journal = {Phys.Rev.},
	Pages = {054505},
	Primaryclass = {hep-lat},
	Reportnumber = {NT@UW-12-08},
	Slaccitation = {%%CITATION = ARXIV:1204.4146;%%},
	Title = {{Restoration of Rotational Symmetry in the Continuum Limit of Lattice Field Theories}},
	Volume = {D86},
	Year = {2012},
	Bdsk-Url-1 = {http://dx.doi.org/10.1103/PhysRevD.86.054505}}

@article{Blum:2011ng,
	Archiveprefix = {arXiv},
	Author = {Blum, T. and Boyle, P.A. and Christ, N.H. and Garron, N. and Goode, E. and others},
	Doi = {10.1103/PhysRevLett.108.141601},
	Eprint = {1111.1699},
	Journal = {Phys.Rev.Lett.},
	Pages = {141601},
	Primaryclass = {hep-lat},
	Slaccitation = {%%CITATION = ARXIV:1111.1699;%%},
	Title = {{The $K\to(\pi\pi)_{I=2}$ Decay Amplitude from Lattice QCD}},
	Volume = {108},
	Year = {2012},
	Bdsk-Url-1 = {http://dx.doi.org/10.1103/PhysRevLett.108.141601}}

@article{Alexandrou:2007xj,
	Archiveprefix = {arXiv},
	Author = {Alexandrou, C. and Koutsou, G. and Leontiou, Th. and Negele, John W. and Tsapalis, A.},
	Doi = {10.1103/PhysRevD.80.099901, 10.1103/PhysRevD.76.094511},
	Eprint = {0912.0394},
	Journal = {Phys.Rev.},
	Pages = {094511},
	Primaryclass = {hep-lat},
	Reportnumber = {arXiv:0706.3011, MIT-CTP-3845},
	Slaccitation = {%%CITATION = ARXIV:0912.0394;%%},
	Title = {{Axial Nucleon and Nucleon to Delta form factors and the Goldberger-Treiman Relations from Lattice QCD}},
	Volume = {D76},
	Year = {2007},
	Bdsk-Url-1 = {http://dx.doi.org/10.1103/PhysRevD.80.099901,%2010.1103/PhysRevD.76.094511}}

@article{Lin:2011da,
	Archiveprefix = {arXiv},
	Author = {Lin, Huey-Wen and Cohen, Saul D.},
	Doi = {10.1063/1.3701236},
	Eprint = {1108.2528},
	Journal = {AIP Conf.Proc.},
	Pages = {305-308},
	Primaryclass = {hep-lat},
	Reportnumber = {NT-UW-11-15},
	Slaccitation = {%%CITATION = ARXIV:1108.2528;%%},
	Title = {{Roper Properties on the Lattice: An Update}},
	Volume = {1432},
	Year = {2012},
	Bdsk-Url-1 = {http://dx.doi.org/10.1063/1.3701236}}

@article{Lin:2008qv,
	Archiveprefix = {arXiv},
	Author = {Lin, Huey-Wen and Cohen, Saul D. and Edwards, Robert G. and Richards, David G.},
	Doi = {10.1103/PhysRevD.78.114508},
	Eprint = {0803.3020},
	Journal = {Phys.Rev.},
	Pages = {114508},
	Primaryclass = {hep-lat},
	Reportnumber = {JLAB-THY-08-805},
	Slaccitation = {%%CITATION = ARXIV:0803.3020;%%},
	Title = {{First Lattice Study of the N - P(11)(1440) Transition Form Factors}},
	Volume = {D78},
	Year = {2008},
	Bdsk-Url-1 = {http://dx.doi.org/10.1103/PhysRevD.78.114508}}

@article{Wilson:2011aa,
	Archiveprefix = {arXiv},
	Author = {Wilson, D.J. and Cloet, I.C. and Chang, L. and Roberts, C.D.},
	Doi = {10.1103/PhysRevC.85.025205},
	Eprint = {1112.2212},
	Journal = {Phys.Rev.},
	Pages = {025205},
	Primaryclass = {nucl-th},
	Slaccitation = {%%CITATION = ARXIV:1112.2212;%%},
	Title = {{Nucleon and Roper electromagnetic elastic and transition form factors}},
	Volume = {C85},
	Year = {2012},
	Bdsk-Url-1 = {http://dx.doi.org/10.1103/PhysRevC.85.025205}}

@article{Alexandrou:2010uk,
	Archiveprefix = {arXiv},
	Author = {Alexandrou, C. and Koutsou, G. and Negele, J.W. and Proestos, Y. and Tsapalis, A.},
	Doi = {10.1103/PhysRevD.83.014501},
	Eprint = {1011.3233},
	Journal = {Phys.Rev.},
	Pages = {014501},
	Primaryclass = {hep-lat},
	Slaccitation = {%%CITATION = ARXIV:1011.3233;%%},
	Title = {{Nucleon to Delta transition form factors with $N_F=2+1$ domain wall fermions}},
	Volume = {D83},
	Year = {2011},
	Bdsk-Url-1 = {http://dx.doi.org/10.1103/PhysRevD.83.014501}}

@article{Alexandrou:2006mc,
	Archiveprefix = {arXiv},
	Author = {Alexandrou, C. and Leontiou, Th. and Negele, John W. and Tsapalis, A.},
	Doi = {10.1103/PhysRevLett.98.052003},
	Eprint = {hep-lat/0607030},
	Journal = {Phys.Rev.Lett.},
	Pages = {052003},
	Primaryclass = {hep-lat},
	Slaccitation = {%%CITATION = HEP-LAT/0607030;%%},
	Title = {{The Axial N to Delta transition form factors from Lattice QCD}},
	Volume = {98},
	Year = {2007},
	Bdsk-Url-1 = {http://dx.doi.org/10.1103/PhysRevLett.98.052003}}

@article{Alexandrou:2007dt,
	Archiveprefix = {arXiv},
	Author = {Alexandrou, C. and Koutsou, G. and Neff, H. and Negele, John W. and Schroers, W. and others},
	Doi = {10.1103/PhysRevD.77.085012},
	Eprint = {0710.4621},
	Journal = {Phys.Rev.},
	Pages = {085012},
	Primaryclass = {hep-lat},
	Reportnumber = {MIT-CTP-3888},
	Slaccitation = {%%CITATION = ARXIV:0710.4621;%%},
	Title = {{Nucleon to delta electromagnetic transition form factors in lattice QCD}},
	Volume = {D77},
	Year = {2008},
	Bdsk-Url-1 = {http://dx.doi.org/10.1103/PhysRevD.77.085012}}

@article{Blum:2011pu,
	Archiveprefix = {arXiv},
	Author = {Blum, T. and Boyle, P.A. and Christ, N.H. and Garron, N. and Goode, E. and others},
	Doi = {10.1103/PhysRevD.84.114503},
	Eprint = {1106.2714},
	Journal = {Phys.Rev.},
	Pages = {114503},
	Primaryclass = {hep-lat},
	Slaccitation = {%%CITATION = ARXIV:1106.2714;%%},
	Title = {{$K$ to $\pi\pi$ Decay amplitudes from Lattice QCD}},
	Volume = {D84},
	Year = {2011},
	Bdsk-Url-1 = {http://dx.doi.org/10.1103/PhysRevD.84.114503}}

@article{Blum:2012uk,
	Archiveprefix = {arXiv},
	Author = {Blum, T. and Boyle, P.A. and Christ, N.H. and Garron, N. and Goode, E. and others},
	Doi = {10.1103/PhysRevD.86.074513},
	Eprint = {1206.5142},
	Journal = {Phys.Rev.},
	Pages = {074513},
	Primaryclass = {hep-lat},
	Reportnumber = {CU-TP-1202, EDINBURGH-2012-10, MPP-2012-101, SHEP-1217},
	Slaccitation = {%%CITATION = ARXIV:1206.5142;%%},
	Title = {{Lattice determination of the $K \to (\pi\pi)_{I=2}$ Decay Amplitude $A_2$}},
	Volume = {D86},
	Year = {2012},
	Bdsk-Url-1 = {http://dx.doi.org/10.1103/PhysRevD.86.074513}}

@article{Boyle:2012ys,
	Archiveprefix = {arXiv},
	Author = {Boyle, P.A. and others},
	Collaboration = {RBC, UKQCD},
	Doi = {10.1103/PhysRevLett.110.152001},
	Eprint = {1212.1474},
	Journal = {Phys.Rev.Lett.},
	Number = {15},
	Pages = {152001},
	Primaryclass = {hep-lat},
	Slaccitation = {%%CITATION = ARXIV:1212.1474;%%},
	Title = {{Emerging understanding of the $\Delta I = 1/2$ Rule from Lattice QCD}},
	Volume = {110},
	Year = {2013},
	Bdsk-Url-1 = {http://dx.doi.org/10.1103/PhysRevLett.110.152001}}

@article{Basak:2005ir,
	Archiveprefix = {arXiv},
	Author = {Basak, Subhasish and others},
	Collaboration = {Lattice Hadron Physics Collaboration (LHPC)},
	Doi = {10.1103/PhysRevD.72.074501},
	Eprint = {hep-lat/0508018},
	Journal = {Phys.Rev.},
	Pages = {074501},
	Primaryclass = {hep-lat},
	Reportnumber = {DOE-ER-40762-349, JLAB-THY-05-397},
	Slaccitation = {%%CITATION = HEP-LAT/0508018;%%},
	Title = {{Clebsch-Gordan construction of lattice interpolating fields for excited baryons}},
	Volume = {D72},
	Year = {2005},
	Bdsk-Url-1 = {http://dx.doi.org/10.1103/PhysRevD.72.074501}}

@article{Li:2014wga,
	Archiveprefix = {arXiv},
	Author = {Li, Ning and Li, Song-Yuan and Liu, Chuan},
	Eprint = {1401.5569},
	Primaryclass = {hep-lat},
	Slaccitation = {%%CITATION = ARXIV:1401.5569;%%},
	Title = {{Generalized L\"uscher's Formula in Multichannel Baryon-Baryon Scattering}},
	Year = {2014}}

@article{Rupak:2013aue,
	Archiveprefix = {arXiv},
	Author = {Rupak, Gautam and Lee, Dean},
	Doi = {10.1103/PhysRevLett.111.032502},
	Eprint = {1302.4158},
	Journal = {Phys.Rev.Lett.},
	Pages = {032502},
	Primaryclass = {nucl-th},
	Reportnumber = {INT-PUB-13-007},
	Slaccitation = {%%CITATION = ARXIV:1302.4158;%%},
	Title = {{Radiative capture reactions in lattice effective field theory}},
	Volume = {111},
	Year = {2013},
	Bdsk-Url-1 = {http://dx.doi.org/10.1103/PhysRevLett.111.032502}}

@article{Okubo:1963fa,
	Author = {Okubo, S.},
	Doi = {10.1016/S0375-9601(63)92548-9},
	Journal = {Phys.Lett.},
	Pages = {165-168},
	Slaccitation = {%%CITATION = PHLTA,5,165;%%},
	Title = {{Phi meson and unitary symmetry model}},
	Volume = {5},
	Year = {1963},
	Bdsk-Url-1 = {http://dx.doi.org/10.1016/S0375-9601(63)92548-9}}

@article{Konig:2011ti,
	Archiveprefix = {arXiv},
	Author = {Koenig, Sebastian and Lee, Dean and Hammer, H.-W.},
	Doi = {10.1016/j.aop.2011.12.015},
	Eprint = {1109.4577},
	Journal = {Annals Phys.},
	Pages = {1450-1471},
	Primaryclass = {hep-lat},
	Slaccitation = {%%CITATION = ARXIV:1109.4577;%%},
	Title = {{Non-relativistic bound states in a finite volume}},
	Volume = {327},
	Year = {2012},
	Bdsk-Url-1 = {http://dx.doi.org/10.1016/j.aop.2011.12.015}}

@article{Konig:2011nz,
	Archiveprefix = {arXiv},
	Author = {Koenig, Sebastian and Lee, Dean and Hammer, H.-W.},
	Doi = {10.1103/PhysRevLett.107.112001},
	Eprint = {1103.4468},
	Journal = {Phys.Rev.Lett.},
	Pages = {112001},
	Primaryclass = {hep-lat},
	Slaccitation = {%%CITATION = ARXIV:1103.4468;%%},
	Title = {{Volume Dependence of Bound States with Angular Momentum}},
	Volume = {107},
	Year = {2011},
	Bdsk-Url-1 = {http://dx.doi.org/10.1103/PhysRevLett.107.112001}}

@article{Zweig64,
	Author = {Zweig, G.},
	Note = {~CERN report TH-412 (unpublished)},
	Title = {{AN SU(3) MODEL FOR STRONG INTERACTION SYMMETRY AND ITS BREAKING. PT. 2}},
	Year = {1964}}

@article{doi:10.1146/annurev.ns.20.120170.001445,
	Author = {Mandula, J and Weyers, J and Zweig, G},
	Doi = {10.1146/annurev.ns.20.120170.001445},
	Journal = {Annual Review of Nuclear Science},
	Number = {1},
	Pages = {289-322},
	Title = {Patterns of Exchange Deceneracies},
	Volume = {20},
	Year = {1970},
	Bdsk-Url-1 = {http://dx.doi.org/10.1146/annurev.ns.20.120170.001445}}

@article{Iizuka:1966fk,
	Author = {Iizuka, Jugoro},
	Doi = {10.1143/PTPS.37.21},
	Journal = {Prog.Theor.Phys.Suppl.},
	Pages = {21-34},
	Slaccitation = {%%CITATION = PTPSA,37,21;%%},
	Title = {{Systematics and phenomenology of meson family}},
	Volume = {37},
	Year = {1966},
	Bdsk-Url-1 = {http://dx.doi.org/10.1143/PTPS.37.21}}

@article{Aaltonen:2009tz,
	Archiveprefix = {arXiv},
	Author = {Aaltonen, T. and others},
	Collaboration = {CDF Collaboration},
	Doi = {10.1103/PhysRevLett.102.242002},
	Eprint = {0903.2229},
	Journal = {Phys.Rev.Lett.},
	Pages = {242002},
	Primaryclass = {hep-ex},
	Reportnumber = {FERMILAB-PUB-09-064-E},
	Slaccitation = {%%CITATION = ARXIV:0903.2229;%%},
	Title = {{Evidence for a Narrow Near-Threshold Structure in the $J/\psi\phi$ Mass Spectrum in $B^+\to J/\psi\phi K^+$ Decays}},
	Volume = {102},
	Year = {2009},
	Bdsk-Url-1 = {http://dx.doi.org/10.1103/PhysRevLett.102.242002}}

@article{Aaltonen:2011at,
	Archiveprefix = {arXiv},
	Author = {Aaltonen, T. and others},
	Collaboration = {CDF Collaboration},
	Eprint = {1101.6058},
	Primaryclass = {hep-ex},
	Reportnumber = {FERMILAB-PUB-11-019-E},
	Slaccitation = {%%CITATION = ARXIV:1101.6058;%%},
	Title = {{Observation of the $Y(4140)$ structure in the $J/\psi\,\phi$ Mass Spectrum in $B^\pm\to J/\psi\,\phi K$ decays}},
	Year = {2011}}

@article{Beane:2003yx,
	Archiveprefix = {arXiv},
	Author = {Beane, S.R. and Bedaque, P.F. and Parreno, A. and Savage, M.J.},
	Doi = {10.1016/j.nuclphysa.2004.09.081},
	Eprint = {nucl-th/0311027},
	Journal = {Nucl.Phys.},
	Pages = {55-74},
	Primaryclass = {nucl-th},
	Reportnumber = {UNH-03-01, LBNL-53972, NT-UW-03-031, JLAB-THY-03-229},
	Slaccitation = {%%CITATION = NUCL-TH/0311027;%%},
	Title = {{Exploring hyperons and hypernuclei with lattice QCD}},
	Volume = {A747},
	Year = {2005},
	Bdsk-Url-1 = {http://dx.doi.org/10.1016/j.nuclphysa.2004.09.081}}

@article{Roca:2012rx,
	Archiveprefix = {arXiv},
	Author = {Roca, L. and Oset, E.},
	Doi = {10.1103/PhysRevD.85.054507},
	Eprint = {1201.0438},
	Journal = {Phys.Rev.},
	Pages = {054507},
	Primaryclass = {hep-lat},
	Slaccitation = {%%CITATION = ARXIV:1201.0438;%%},
	Title = {{Scattering of unstable particles in a finite volume: the case of $\pi \rho$ scattering and the $a_1(1260)$ resonance}},
	Volume = {D85},
	Year = {2012},
	Bdsk-Url-1 = {http://dx.doi.org/10.1103/PhysRevD.85.054507}}

@book{Dresselhaus,
	Author = {Dresselhaus, Mildred S. and Dresselhaus, Gene and Jorio, Ado},
	Edition = {First},
	Publisher = {Springer},
	Title = {Applications of Group Theory to the Physics of Solids},
	Year = 2008}

@article{Lang:2014tia,
	Archiveprefix = {arXiv},
	Author = {Lang, C.B. and Leskovec, Luka and Mohler, Daniel and Prelovsek, Sasa},
	Eprint = {1401.2088},
	Primaryclass = {hep-lat},
	Reportnumber = {FERMILAB-PUB-14-002-T},
	Slaccitation = {%%CITATION = ARXIV:1401.2088;%%},
	Title = {{Axial resonances a1(1260), b1(1235) and their decays from the lattice}},
	Year = {2014}}

@article{Beringer:1900zz,
	Author = {Beringer, J. and others},
	Collaboration = {Particle Data Group},
	Doi = {10.1103/PhysRevD.86.010001},
	Journal = {Phys.Rev.},
	Pages = {010001},
	Slaccitation = {%%CITATION = PHRVA,D86,010001;%%},
	Title = {{Review of Particle Physics (RPP)}},
	Volume = {D86},
	Year = {2012},
	Bdsk-Url-1 = {http://dx.doi.org/10.1103/PhysRevD.86.010001}}

@article{Francis:2013lva,
	Archiveprefix = {arXiv},
	Author = {Francis, Anthony and Miao, Chuan and Rae, Thomas D. and Wittig, Hartmut},
	Eprint = {1311.3933},
	Primaryclass = {hep-lat},
	Reportnumber = {MITP-13-072},
	Slaccitation = {%%CITATION = ARXIV:1311.3933;%%},
	Title = {{Two-Baryon Correlation Functions in 2-flavour QCD}},
	Year = {2013}}

@article{Chung:2007nn,
	Archiveprefix = {arXiv},
	Author = {Chung, Suh-Urk and Friedrich, Jan},
	Doi = {10.1103/PhysRevD.78.074027},
	Eprint = {0711.3143},
	Journal = {Phys.Rev.},
	Pages = {074027},
	Primaryclass = {hep-ph},
	Reportnumber = {TU-E18-06-0801},
	Slaccitation = {%%CITATION = ARXIV:0711.3143;%%},
	Title = {{Covariant helicity-coupling amplitudes: A New formulation}},
	Volume = {D78},
	Year = {2008},
	Bdsk-Url-1 = {http://dx.doi.org/10.1103/PhysRevD.78.074027}}


@article{Jacob:1959at,
	Author = {Jacob, M. and Wick, G.C.},
	Doi = {10.1016/0003-4916(59)90051-X},
	Journal = {Annals Phys.},
	Pages = {404-428},
	Slaccitation = {%%CITATION = APNYA,7,404;%%},
	Title = {{On the general theory of collisions for particles with spin}},
	Volume = {7},
	Year = {1959},
	Bdsk-Url-1 = {http://dx.doi.org/10.1016/0003-4916(59)90051-X}}

@article{Chung07,
	Author = {Chung, Suh-Urk},
	Note = {updated version, CERN-71-08, BNL-QGS-02-0900.},
	Title = {{Spin Formalimsm}},
	Year = {2007}}

@article{:/content/aip/journal/jmp/4/4/10.1063/1.1703981,
	Author = {Macfarlane, Alan J.},
	Doi = {http://dx.doi.org/10.1063/1.1703981},
	Journal = {Journal of Mathematical Physics},
	Number = {4},
	Pages = {490-500},
	Title = {Kinematics of the Relativistic TwoâParticle System},
	Url = {http://scitation.aip.org/content/aip/journal/jmp/4/4/10.1063/1.1703981},
	Volume = {4},
	Year = {1963},
	Bdsk-Url-1 = {http://scitation.aip.org/content/aip/journal/jmp/4/4/10.1063/1.1703981},
	Bdsk-Url-2 = {http://dx.doi.org/10.1063/1.1703981}}

@article{McKerrell64,
	Author = {McKerrell, A.},
	Doi = {10.1007/BF02748855},
	Issue = {5},
	Journal = {Nuovo Cimento},
	Pages = {1289--1305},
	Publisher = {Societa Italiana di Fisica},
	Title = {Relativistic two and three-particle states},
	Volume = {34},
	Year = {1964},
	Bdsk-Url-1 = {http://dx.doi.org/10.1007/BF02748855}}

@article{PhysRevLett.7.46,
	Author = {Byers, N. and Yang, C. N.},
	Doi = {10.1103/PhysRevLett.7.46},
	Issue = {2},
	Journal = {Phys. Rev. Lett.},
	Month = {Jul},
	Pages = {46--49},
	Publisher = {American Physical Society},
	Title = {Theoretical Considerations Concerning Quantized Magnetic Flux in Superconducting Cylinders},
	Volume = {7},
	Year = {1961},
	Bdsk-Url-1 = {http://dx.doi.org/10.1103/PhysRevLett.7.46}}

@article{Bedaque:2004kc,
	Archiveprefix = {arXiv},
	Author = {Bedaque, Paulo F.},
	Doi = {10.1016/j.physletb.2004.04.045},
	Eprint = {nucl-th/0402051},
	Journal = {Phys.Lett.},
	Pages = {82-88},
	Primaryclass = {nucl-th},
	Reportnumber = {LBNL-54557},
	Slaccitation = {%%CITATION = NUCL-TH/0402051;%%},
	Title = {{Aharonov-Bohm effect and nucleon nucleon phase shifts on the lattice}},
	Volume = {B593},
	Year = {2004},
	Bdsk-Url-1 = {http://dx.doi.org/10.1016/j.physletb.2004.04.045}}

@article{Bernard:2010fp,
	Archiveprefix = {arXiv},
	Author = {Bernard, V. and Lage, M. and Meissner, U.-G. and Rusetsky, A.},
	Doi = {10.1007/JHEP01(2011)019},
	Eprint = {1010.6018},
	Journal = {JHEP},
	Pages = {019},
	Primaryclass = {hep-lat},
	Reportnumber = {PREPRINT-HISKP-TH-10-21, FZJ-IKP(TH)-2010-18},
	Slaccitation = {%%CITATION = ARXIV:1010.6018;%%},
	Title = {{Scalar mesons in a finite volume}},
	Volume = {1101},
	Year = {2011},
	Bdsk-Url-1 = {http://dx.doi.org/10.1007/JHEP01(2011)019}}

@article{Doring:2011vk,
	Archiveprefix = {arXiv},
	Author = {Doring, M. and Meissner, Ulf-G. and Oset, E. and Rusetsky, A.},
	Doi = {10.1140/epja/i2011-11139-7},
	Eprint = {1107.3988},
	Journal = {Eur.Phys.J.},
	Pages = {139},
	Primaryclass = {hep-lat},
	Slaccitation = {%%CITATION = ARXIV:1107.3988;%%},
	Title = {{Unitarized Chiral Perturbation Theory in a finite volume: Scalar meson sector}},
	Volume = {A47},
	Year = {2011},
	Bdsk-Url-1 = {http://dx.doi.org/10.1140/epja/i2011-11139-7}}

@article{Doring:2012eu,
	Archiveprefix = {arXiv},
	Author = {Doring, M. and Meissner, U.G. and Oset, E. and Rusetsky, A.},
	Doi = {10.1140/epja/i2012-12114-6},
	Eprint = {1205.4838},
	Journal = {Eur.Phys.J.},
	Pages = {114},
	Primaryclass = {hep-lat},
	Slaccitation = {%%CITATION = ARXIV:1205.4838;%%},
	Title = {{Scalar mesons moving in a finite volume and the role of partial wave mixing}},
	Volume = {A48},
	Year = {2012},
	Bdsk-Url-1 = {http://dx.doi.org/10.1140/epja/i2012-12114-6}}

@article{Walker-Loud:2014iea,
      author         = "Walker-Loud, Andre",
      title          = "{Nuclear Physics Review}",
      journal        = "PoS",
      volume         = "LATTICE2013",
      pages          = "013",
      year           = "2014",
      eprint         = "1401.8259",
      archivePrefix  = "arXiv",
      primaryClass   = "hep-lat",
      reportNumber   = "NT@WM-14-01, JLAB-THY-14-1838",
      SLACcitation   = "%%CITATION = ARXIV:1401.8259;%%",
}

@article{Ozaki:2012ce,
	Archiveprefix = {arXiv},
	Author = {Ozaki, Sho and Sasaki, Shoichi},
	Doi = {10.1103/PhysRevD.87.014506},
	Eprint = {1211.5512},
	Journal = {Phys.Rev.},
	Pages = {014506},
	Primaryclass = {hep-lat},
	Slaccitation = {%%CITATION = ARXIV:1211.5512;%%},
	Title = {{Luscher's finite size method with twisted boundary conditions: an application to $J/\psi$-$\phi$ system to search for narrow resonance}},
	Volume = {D87},
	Year = {2013},
	Bdsk-Url-1 = {http://dx.doi.org/10.1103/PhysRevD.87.014506}}

@article{Tiburzi:2005hg,
	Archiveprefix = {arXiv},
	Author = {Tiburzi, Brian C.},
	Doi = {10.1016/j.physletb.2005.05.006},
	Eprint = {hep-lat/0504002},
	Journal = {Phys.Lett.},
	Pages = {40-48},
	Primaryclass = {hep-lat},
	Slaccitation = {%%CITATION = HEP-LAT/0504002;%%},
	Title = {{Flavor twisted boundary conditions and the nucleon axial current}},
	Volume = {B617},
	Year = {2005},
	Bdsk-Url-1 = {http://dx.doi.org/10.1016/j.physletb.2005.05.006}}

@article{Jiang:2006gna,
	Archiveprefix = {arXiv},
	Author = {Jiang, F.-J. and Tiburzi, B.C.},
	Doi = {10.1016/j.physletb.2006.12.041},
	Eprint = {hep-lat/0610103},
	Journal = {Phys.Lett.},
	Pages = {314-321},
	Primaryclass = {hep-lat},
	Slaccitation = {%%CITATION = HEP-LAT/0610103;%%},
	Title = {{Flavor twisted boundary conditions, pion momentum, and the pion electromagnetic form-factor}},
	Volume = {B645},
	Year = {2007},
	Bdsk-Url-1 = {http://dx.doi.org/10.1016/j.physletb.2006.12.041}}

@article{Boyle:2007wg,
	Archiveprefix = {arXiv},
	Author = {Boyle, P.A. and Flynn, J.M. and Juttner, A. and Sachrajda, C.T. and Zanotti, J.M.},
	Doi = {10.1088/1126-6708/2007/05/016},
	Eprint = {hep-lat/0703005},
	Journal = {JHEP},
	Pages = {016},
	Primaryclass = {HEP-LAT},
	Reportnumber = {SHEP-07-07},
	Slaccitation = {%%CITATION = HEP-LAT/0703005;%%},
	Title = {{Hadronic form factors in Lattice QCD at small and vanishing momentum transfer}},
	Volume = {0705},
	Year = {2007},
	Bdsk-Url-1 = {http://dx.doi.org/10.1088/1126-6708/2007/05/016}}

@article{Simula:2007fa,
	Archiveprefix = {arXiv},
	Author = {Simula, S.},
	Collaboration = {ETMC Collaboration},
	Eprint = {0710.0097},
	Journal = {PoS},
	Pages = {371},
	Primaryclass = {hep-lat},
	Slaccitation = {%%CITATION = ARXIV:0710.0097;%%},
	Title = {{Pseudo-scalar meson form-factors with maximally twisted Wilson fermions at N(f) = 2}},
	Volume = {LAT2007},
	Year = {2007}}

@article{Boyle:2008yd,
	Archiveprefix = {arXiv},
	Author = {Boyle, P.A. and Flynn, J.M. and Juttner, A. and Kelly, C. and de Lima, H. Pedroso and others},
	Doi = {10.1088/1126-6708/2008/07/112},
	Eprint = {0804.3971},
	Journal = {JHEP},
	Pages = {112},
	Primaryclass = {hep-lat},
	Reportnumber = {EDINBURGH-2008-18, MKPH-T-08-07, SHEP-08-15},
	Slaccitation = {%%CITATION = ARXIV:0804.3971;%%},
	Title = {{The Pion's electromagnetic form-factor at small momentum transfer in full lattice QCD}},
	Volume = {0807},
	Year = {2008},
	Bdsk-Url-1 = {http://dx.doi.org/10.1088/1126-6708/2008/07/112}}

@article{Aoki:2008gv,
	Archiveprefix = {arXiv},
	Author = {Aoki, S. and Horsley, R. and Izubuchi, T. and Nakamura, Y. and Pleiter, D. and others},
	Eprint = {0808.1428},
	Primaryclass = {hep-lat},
	Reportnumber = {DESY-08-112, EDINBURGH-2008-11},
	Slaccitation = {%%CITATION = ARXIV:0808.1428;%%},
	Title = {{The Electric dipole moment of the nucleon from simulations at imaginary vacuum angle theta}},
	Year = {2008}}

@article{Boyle:2012nb,
	Archiveprefix = {arXiv},
	Author = {Boyle, Peter A. and Flynn, Jonathan M. and Juttner, Andreas and Sachrajda, Christopher and Sivalingam, Karthee and others},
	Eprint = {1212.3188},
	Journal = {PoS},
	Pages = {112},
	Slaccitation = {%%CITATION = ARXIV:1212.3188;%%},
	Title = {{Kaon semileptonic decays near the physical point}},
	Volume = {LATTICE2012},
	Year = {2012}}

@article{Brandt:2013mb,
	Archiveprefix = {arXiv},
	Author = {Brandt, Bastian B. and Juttner, Andreas and Wittig, Hartmut},
	Eprint = {1301.3513},
	Journal = {PoS},
	Pages = {112},
	Primaryclass = {hep-lat},
	Slaccitation = {%%CITATION = ARXIV:1301.3513;%%},
	Title = {{The electromagnetic form factor of the pion in two-flavour lattice QCD}},
	Volume = {ConfinementX},
	Year = {2012}}

@article{Guo:2012hv,
	Archiveprefix = {arXiv},
	Author = {Guo, Peng and Dudek, Jozef and Edwards, Robert and Szczepaniak, Adam P.},
	Doi = {10.1103/PhysRevD.88.014501},
	Eprint = {1211.0929},
	Journal = {Phys.Rev.},
	Pages = {014501},
	Primaryclass = {hep-lat},
	Reportnumber = {JLAB-THY-12-1659},
	Slaccitation = {%%CITATION = ARXIV:1211.0929;%%},
	Title = {{Coupled-channel scattering on a torus}},
	Volume = {D88},
	Year = {2013},
	Bdsk-Url-1 = {http://dx.doi.org/10.1103/PhysRevD.88.014501}}

@article{Feng:2004ua,
	Archiveprefix = {arXiv},
	Author = {Feng, Xu and Li, Xin and Liu, Chuan},
	Doi = {10.1103/PhysRevD.70.014505},
	Eprint = {hep-lat/0404001},
	Journal = {Phys.Rev.},
	Pages = {014505},
	Primaryclass = {hep-lat},
	Slaccitation = {%%CITATION = HEP-LAT/0404001;%%},
	Title = {{Two particle states in an asymmetric box and the elastic scattering phases}},
	Volume = {D70},
	Year = {2004},
	Bdsk-Url-1 = {http://dx.doi.org/10.1103/PhysRevD.70.014505}}

@article{deDivitiis:2004rf,
	Archiveprefix = {arXiv},
	Author = {de Divitiis, Giulia M. and Tantalo, Nazario},
	Eprint = {hep-lat/0409154},
	Primaryclass = {hep-lat},
	Slaccitation = {%%CITATION = HEP-LAT/0409154;%%},
	Title = {{Non leptonic two-body decay amplitudes from finite volume calculations}},
	Year = {2004}}

@article{Sachrajda:2004mi,
	Archiveprefix = {arXiv},
	Author = {Sachrajda, C.T. and Villadoro, G.},
	Doi = {10.1016/j.physletb.2005.01.033},
	Eprint = {hep-lat/0411033},
	Journal = {Phys.Lett.},
	Pages = {73-85},
	Primaryclass = {hep-lat},
	Reportnumber = {ROMA-1393-04, SHEP-0436},
	Slaccitation = {%%CITATION = HEP-LAT/0411033;%%},
	Title = {{Twisted boundary conditions in lattice simulations}},
	Volume = {B609},
	Year = {2005},
	Bdsk-Url-1 = {http://dx.doi.org/10.1016/j.physletb.2005.01.033}}

@article{Mohler:2013rwa,
	Archiveprefix = {arXiv},
	Author = {Mohler, Daniel and Lang, C.B. and Leskovec, Luka and Prelovsek, Sasa and Woloshyn, R.M.},
	Doi = {10.1103/PhysRevLett.111.222001},
	Eprint = {1308.3175},
	Journal = {Phys.Rev.Lett.},
	Pages = {222001},
	Primaryclass = {hep-lat},
	Reportnumber = {FERMILAB-PUB-13-318-T},
	Slaccitation = {%%CITATION = ARXIV:1308.3175;%%},
	Title = {{$D_{s0}^*(2317)$ Meson and $D$-Meson-Kaon Scattering from Lattice QCD}},
	Volume = {111},
	Year = {2013},
	Bdsk-Url-1 = {http://dx.doi.org/10.1103/PhysRevLett.111.222001}}

@article{Buchoff:2012ja,
	Archiveprefix = {arXiv},
	Author = {Buchoff, Michael I. and Luu, Thomas C. and Wasem, Joseph},
	Doi = {10.1103/PhysRevD.85.094511},
	Eprint = {1201.3596},
	Journal = {Phys.Rev.},
	Pages = {094511},
	Primaryclass = {hep-lat},
	Reportnumber = {LLNL-JRNL-522761},
	Slaccitation = {%%CITATION = ARXIV:1201.3596;%%},
	Title = {{S-wave scattering of strangeness -3 baryons}},
	Volume = {D85},
	Year = {2012},
	Bdsk-Url-1 = {http://dx.doi.org/10.1103/PhysRevD.85.094511}}

@article{Dudek:2012gj,
	Archiveprefix = {arXiv},
	Author = {Dudek, Jozef J. and Edwards, Robert G. and Thomas, Christopher E.},
	Doi = {10.1103/PhysRevD.86.034031},
	Eprint = {1203.6041},
	Journal = {Phys.Rev.},
	Pages = {034031},
	Primaryclass = {hep-ph},
	Reportnumber = {JLAB-THY-12-1504, TCDMATH-12-03},
	Slaccitation = {%%CITATION = ARXIV:1203.6041;%%},
	Title = {{S and D-wave phase shifts in isospin-2 pi pi scattering from lattice QCD}},
	Volume = {D86},
	Year = {2012},
	Bdsk-Url-1 = {http://dx.doi.org/10.1103/PhysRevD.86.034031}}

@article{Thomas:2011rh,
	Archiveprefix = {arXiv},
	Author = {Thomas, Christopher E. and Edwards, Robert G. and Dudek, Jozef J.},
	Doi = {10.1103/PhysRevD.85.014507, 10.1103/PhysRevD.85.039901},
	Eprint = {1107.1930},
	Journal = {Phys.Rev.},
	Pages = {014507},
	Primaryclass = {hep-lat},
	Reportnumber = {JLAB-THY-11-1368},
	Slaccitation = {%%CITATION = ARXIV:1107.1930;%%},
	Title = {{Helicity operators for mesons in flight on the lattice}},
	Volume = {D85},
	Year = {2012},
	Bdsk-Url-1 = {http://dx.doi.org/10.1103/PhysRevD.85.014507,%2010.1103/PhysRevD.85.039901}}

@article{Padmanath:2015jea,
      author         = "Padmanath, M. and Edwards, Robert G. and Mathur, Nilmani
                        and Peardon, Michael",
      title          = "{Spectroscopy of doubly-charmed baryons from lattice
                        QCD}",
      journal        = "Phys. Rev.",
      volume         = "D91",
      year           = "2015",
      number         = "9",
      pages          = "094502",
      doi            = "10.1103/PhysRevD.91.094502",
      eprint         = "1502.01845",
      archivePrefix  = "arXiv",
      primaryClass   = "hep-lat",
      reportNumber   = "TIFR-TH-15-06, JLAB-THY-15-2028",
      SLACcitation   = "%%CITATION = ARXIV:1502.01845;%%"
}

@article{Shultz:2015pfa,
      author         = "Shultz, Christian J. and Dudek, Jozef J. and Edwards,
                        Robert G.",
      title          = "{Excited meson radiative transitions from lattice QCD
                        using variationally optimized operators}",
      journal        = "Phys. Rev.",
      volume         = "D91",
      year           = "2015",
      number         = "11",
      pages          = "114501",
      doi            = "10.1103/PhysRevD.91.114501",
      eprint         = "1501.07457",
      archivePrefix  = "arXiv",
      primaryClass   = "hep-lat",
      reportNumber   = "JLAB-THY-15-2004",
      SLACcitation   = "%%CITATION = ARXIV:1501.07457;%%"
}

@article{Dudek:2013yja,
      author         = "Dudek, Jozef J. and Edwards, Robert G. and Guo, Peng and
                        Thomas, Christopher E.",
      title          = "{Toward the excited isoscalar meson spectrum from lattice
                        QCD}",
      collaboration  = "Hadron Spectrum",
      journal        = "Phys. Rev.",
      volume         = "D88",
      year           = "2013",
      number         = "9",
      pages          = "094505",
      doi            = "10.1103/PhysRevD.88.094505",
      eprint         = "1309.2608",
      archivePrefix  = "arXiv",
      primaryClass   = "hep-lat",
      reportNumber   = "JLAB-THY-13-1786, TCDMATH-13-11",
      SLACcitation   = "%%CITATION = ARXIV:1309.2608;%%"
}

@article{Liu:2012ze,
      author         = "Liu, Liuming and Moir, Graham and Peardon, Michael and
                        Ryan, Sinead M. and Thomas, Christopher E. and Vilaseca,
                        Pol and Dudek, Jozef J. and Edwards, Robert G. and Joo,
                        Balint and Richards, David G.",
      title          = "{Excited and exotic charmonium spectroscopy from lattice
                        QCD}",
      collaboration  = "Hadron Spectrum",
      journal        = "JHEP",
      volume         = "07",
      year           = "2012",
      pages          = "126",
      doi            = "10.1007/JHEP07(2012)126",
      eprint         = "1204.5425",
      archivePrefix  = "arXiv",
      primaryClass   = "hep-ph",
      reportNumber   = "TCDMATH-12-04, JLAB-THY-12-1510",
      SLACcitation   = "%%CITATION = ARXIV:1204.5425;%%"
}


@article{Dudek:2010wm,
	Archiveprefix = {arXiv},
	Author = {Dudek, Jozef J. and Edwards, Robert G. and Peardon, Michael J. and Richards, David G. and Thomas, Christopher E.},
	Doi = {10.1103/PhysRevD.82.034508},
	Eprint = {1004.4930},
	Journal = {Phys.Rev.},
	Pages = {034508},
	Primaryclass = {hep-ph},
	Reportnumber = {JLAB-THY-10-1171},
	Slaccitation = {%%CITATION = ARXIV:1004.4930;%%},
	Title = {{Toward the excited meson spectrum of dynamical QCD}},
	Volume = {D82},
	Year = {2010},
	Bdsk-Url-1 = {http://dx.doi.org/10.1103/PhysRevD.82.034508}}

@article{Kaplan:2013dca,
	Archiveprefix = {arXiv},
	Author = {Kaplan, David B.},
	Eprint = {1306.5818},
	Primaryclass = {nucl-th},
	Reportnumber = {INT-PUB-13-023},
	Slaccitation = {%%CITATION = ARXIV:1306.5818;%%},
	Title = {{Extended QCD}},
	Year = {2013}}

@article{Hansen:2013dla,
	Archiveprefix = {arXiv},
	Author = {Hansen, Maxwell T. and Sharpe, Stephen R.},
	Eprint = {1311.4848},
	Primaryclass = {hep-lat},
	Slaccitation = {%%CITATION = ARXIV:1311.4848;%%},
	Title = {{Relativistic, model-independent, three-particle quantization condition}},
	Year = {2013}}

@article{Nicholson:2012xt,
	Archiveprefix = {arXiv},
	Author = {Nicholson, Amy N. and Grabowska, Dorota and Kaplan, David B.},
	Doi = {10.1088/1742-6596/432/1/012032},
	Eprint = {1210.7250},
	Journal = {J.Phys.Conf.Ser.},
	Pages = {012032},
	Primaryclass = {hep-lat},
	Slaccitation = {%%CITATION = ARXIV:1210.7250;%%},
	Title = {{Elucidating the sign problem through noise distributions}},
	Volume = {432},
	Year = {2013},
	Bdsk-Url-1 = {http://dx.doi.org/10.1088/1742-6596/432/1/012032}}

@article{Grabowska:2012ik,
	Archiveprefix = {arXiv},
	Author = {Grabowska, Dorota and Kaplan, David B. and Nicholson, Amy N.},
	Doi = {10.1103/PhysRevD.87.014504},
	Eprint = {1208.5760},
	Journal = {Phys.Rev.},
	Pages = {014504},
	Primaryclass = {hep-lat},
	Reportnumber = {INT-PUB-12-040, UM-DOE-ER-40762-525},
	Slaccitation = {%%CITATION = ARXIV:1208.5760;%%},
	Title = {{Sign problems, noise, and chiral symmetry breaking in a QCD-like theory}},
	Volume = {D87},
	Year = {2013},
	Bdsk-Url-1 = {http://dx.doi.org/10.1103/PhysRevD.87.014504}}

@article{Vigdor:1992pb,
	Author = {Vigdor, S.E. and Jacobs, W.W. and Knutson, L.D. and Sowinski, J. and Bloch, C. and others},
	Doi = {10.1103/PhysRevC.46.410},
	Journal = {Phys.Rev.},
	Pages = {410-448},
	Slaccitation = {%%CITATION = PHRVA,C46,410;%%},
	Title = {{Charge symmetry breaking in n (polarized) p polarized) scattering at 183-MeV}},
	Volume = {C46},
	Year = {1992},
	Bdsk-Url-1 = {http://dx.doi.org/10.1103/PhysRevC.46.410}}

@article{Abegg:1998sg,
	Author = {Zhao, J. and Abegg, R. and Berdoz, A.R. and Birchall, J. and Campbell, J.R. and others},
	Doi = {10.1103/PhysRevC.57.2126},
	Journal = {Phys.Rev.},
	Pages = {2126-2141},
	Slaccitation = {%%CITATION = PHRVA,C57,2126;%%},
	Title = {{Precision measurement of charge symmetry breaking in n p elastic scattering at 347-MeV}},
	Volume = {C57},
	Year = {1998},
	Bdsk-Url-1 = {http://dx.doi.org/10.1103/PhysRevC.57.2126}}

@article{Abegg:1995qi,
	Author = {Abegg, R. and Berdoz, A.R. and Birchall, J. and Campbell, J.R. and Davis, C.A. and others},
	Doi = {10.1103/PhysRevLett.75.1711},
	Journal = {Phys.Rev.Lett.},
	Pages = {1711-1714},
	Reportnumber = {TRI-PP-95-43},
	Slaccitation = {%%CITATION = PRLTA,75,1711;%%},
	Title = {{Precision measurement of charge symmetry breaking in n p elastic scattering at 347-MeV}},
	Volume = {75},
	Year = {1995},
	Bdsk-Url-1 = {http://dx.doi.org/10.1103/PhysRevLett.75.1711}}

@article{Abegg:1988kx,
	Author = {Abegg, R. and Bandyopadhyay, D. and Birchall, J. and Cairns, E.B. and Coombes, G.H. and others},
	Doi = {10.1103/PhysRevD.39.2464},
	Journal = {Phys.Rev.},
	Pages = {2464},
	Reportnumber = {TRI-PP-88-60},
	Slaccitation = {%%CITATION = PHRVA,D39,2464;%%},
	Title = {{Charge Symmetry Breaking in $n p$ Elastic Scattering at 477-{MeV}}},
	Volume = {D39},
	Year = {1989},
	Bdsk-Url-1 = {http://dx.doi.org/10.1103/PhysRevD.39.2464}}

@article{Davoudi:2011md,
	Archiveprefix = {arXiv},
	Author = {Davoudi, Zohreh and Savage, Martin J.},
	Doi = {10.1103/PhysRevD.84.114502},
	Eprint = {1108.5371},
	Journal = {Phys.Rev.},
	Pages = {114502},
	Primaryclass = {hep-lat},
	Reportnumber = {NT-UW-11-19, NT@UW-11-19},
	Slaccitation = {%%CITATION = ARXIV:1108.5371;%%},
	Title = {{Improving the Volume Dependence of Two-Body Binding Energies Calculated with Lattice QCD}},
	Volume = {D84},
	Year = {2011},
	Bdsk-Url-1 = {http://dx.doi.org/10.1103/PhysRevD.84.114502}}

@article{Liu:2005kr,
	Archiveprefix = {arXiv},
	Author = {Liu, Chuan and Feng, Xu and He, Song},
	Doi = {10.1142/S0217751X06032150},
	Eprint = {hep-lat/0508022},
	Journal = {Int.J.Mod.Phys.},
	Pages = {847-850},
	Primaryclass = {hep-lat},
	Slaccitation = {%%CITATION = HEP-LAT/0508022;%%},
	Title = {{Two particle states in a box and the S-matrix in multi-channel scattering}},
	Volume = {A21},
	Year = {2006},
	Bdsk-Url-1 = {http://dx.doi.org/10.1142/S0217751X06032150}}

@article{PhysRev.93.1387,
	Author = {Biedenharn, L. C. and Blatt, J. M.},
	Doi = {10.1103/PhysRev.93.1387},
	Issue = {6},
	Journal = {Phys. Rev.},
	Month = {Mar},
	Pages = {1387--1394},
	Publisher = {American Physical Society},
	Title = {Neutron-Proton Scattering with Spin-Orbit Coupling. II. Variational Formulation and Effective Range Theory},
	Url = {http://link.aps.org/doi/10.1103/PhysRev.93.1387},
	Volume = {93},
	Year = {1954},
	Bdsk-Url-1 = {http://link.aps.org/doi/10.1103/PhysRev.93.1387},
	Bdsk-Url-2 = {http://dx.doi.org/10.1103/PhysRev.93.1387}}

@article{Polejaeva:2012qv,
	Author = {Polejaeva, Kathryn and Rusetsky, Akati},
	Journal = {PoS},
	Pages = {105},
	Slaccitation = {%%CITATION = POSCI,QNP2012,105;%%},
	Title = {{Three particles in a finite volume}},
	Volume = {QNP2012},
	Year = {2012}}

@article{Navratil:1996vm,
	Archiveprefix = {arXiv},
	Author = {Navratil, Peter and Barrett, Bruce R.},
	Doi = {10.1103/PhysRevC.54.2986},
	Eprint = {nucl-th/9609046},
	Journal = {Phys.Rev.},
	Pages = {2986-2995},
	Primaryclass = {nucl-th},
	Reportnumber = {AZPH-TH-96-17},
	Slaccitation = {%%CITATION = NUCL-TH/9609046;%%},
	Title = {{No core shell model calculations with starting energy independent multivalued effective interactions}},
	Volume = {C54},
	Year = {1996},
	Bdsk-Url-1 = {http://dx.doi.org/10.1103/PhysRevC.54.2986}}

@article{PhysRevC.54.2869,
	Author = {Rijken, Th. A. and Stoks, V. G. J.},
	Doi = {10.1103/PhysRevC.54.2869},
	Issue = {6},
	Journal = {Phys. Rev. C},
	Month = {Dec},
	Pages = {2869--2882},
	Publisher = {American Physical Society},
	Title = {Soft two-meson-exchange nucleon-nucleon potentials. II. One-pair and two-pair diagrams},
	Url = {http://link.aps.org/doi/10.1103/PhysRevC.54.2869},
	Volume = {54},
	Year = {1996},
	Bdsk-Url-1 = {http://link.aps.org/doi/10.1103/PhysRevC.54.2869},
	Bdsk-Url-2 = {http://dx.doi.org/10.1103/PhysRevC.54.2869}}

@article{Blatt:1952zza,
	Author = {Blatt, John M. and Biedenharn, L.C.},
	Doi = {10.1103/PhysRev.86.399},
	Journal = {Phys.Rev.},
	Pages = {399-404},
	Slaccitation = {%%CITATION = PHRVA,86,399;%%},
	Title = {{Neutron-Proton Scattering with Spin-Orbit Coupling. 1. General Expressions}},
	Volume = {86},
	Year = {1952},
	Bdsk-Url-1 = {http://dx.doi.org/10.1103/PhysRev.86.399}}

@article{Navratil:1998uf,
	Archiveprefix = {arXiv},
	Author = {Navratil, Peter and Barrett, Bruce R.},
	Doi = {10.1103/PhysRevC.57.3119},
	Eprint = {nucl-th/9804014},
	Journal = {Phys.Rev.},
	Pages = {3119-3128},
	Primaryclass = {nucl-th},
	Slaccitation = {%%CITATION = NUCL-TH/9804014;%%},
	Title = {{Large basis shell model calculations for p shell nuclei}},
	Volume = {C57},
	Year = {1998},
	Bdsk-Url-1 = {http://dx.doi.org/10.1103/PhysRevC.57.3119}}

@article{Zheng:1994zza,
	Author = {Zheng, Dao C. and Barrett, Bruce R. and Vary, James P. and Mccarthy, Robert J.},
	Doi = {10.1103/PhysRevC.49.1999},
	Journal = {Phys.Rev.},
	Pages = {1999-2004},
	Slaccitation = {%%CITATION = PHRVA,C49,1999;%%},
	Title = {{Simple approximation for the starting-energy-independent two-body effective interaction with applications to Li-6}},
	Volume = {C49},
	Year = {1994},
	Bdsk-Url-1 = {http://dx.doi.org/10.1103/PhysRevC.49.1999}}

@article{Jaqua:1993zz,
	Author = {Jaqua, L. and Zheng, Dao C. and Barrett, Bruce R. and Vary, James P.},
	Doi = {10.1103/PhysRevC.48.1765},
	Journal = {Phys.Rev.},
	Pages = {1765-1769},
	Slaccitation = {%%CITATION = PHRVA,C48,1765;%%},
	Title = {{Effects of the single-particle potential insertions in the effective interaction}},
	Volume = {C48},
	Year = {1993},
	Bdsk-Url-1 = {http://dx.doi.org/10.1103/PhysRevC.48.1765}}

@article{Zheng:1993qx,
	Archiveprefix = {arXiv},
	Author = {Zheng, Dao C. and Barrett, Bruce R. and Jaqua, L. and Vary, James P. and Mccarthy, Robert J.},
	Doi = {10.1103/PhysRevC.48.1083},
	Eprint = {nucl-th/9304025},
	Journal = {Phys.Rev.},
	Pages = {1083-1091},
	Primaryclass = {nucl-th},
	Reportnumber = {AZPH-TH-93-12},
	Slaccitation = {%%CITATION = NUCL-TH/9304025;%%},
	Title = {{Microscopic calculations of the spectra of light nuclei}},
	Volume = {C48},
	Year = {1993},
	Bdsk-Url-1 = {http://dx.doi.org/10.1103/PhysRevC.48.1083}}

@article{Agadjanov:2013wqa,
	Archiveprefix = {arXiv},
	Author = {Agadjanov, Dimitri and Meissner, Ulf-G. and Rusetsky, Akaki},
	Eprint = {1310.7875},
	Primaryclass = {hep-lat},
	Slaccitation = {%%CITATION = ARXIV:1310.7875;%%},
	Title = {{Partially twisted boundary conditions for scalar mesons}},
	Year = {2013}}

 
@article{Morningstar:1999rf,
	Archiveprefix = {arXiv},
	Author = {Morningstar, Colin J. and Peardon, Mike J.},
	Doi = {10.1103/PhysRevD.60.034509},
	Eprint = {hep-lat/9901004},
	Journal = {Phys.Rev.},
	Pages = {034509},
	Primaryclass = {hep-lat},
	Reportnumber = {UCSD-PTH-98-36, HLRZ-1998-62},
	Slaccitation = {%%CITATION = HEP-LAT/9901004;%%},
	Title = {{The Glueball spectrum from an anisotropic lattice study}},
	Volume = {D60},
	Year = {1999},
	Bdsk-Url-1 = {http://dx.doi.org/10.1103/PhysRevD.60.034509}}

@article{Butler:1999sv,
	Archiveprefix = {arXiv},
	Author = {Butler, Malcolm and Chen, Jiunn-Wei},
	Doi = {10.1016/S0375-9474(99)00682-X},
	Eprint = {nucl-th/9905059},
	Journal = {Nucl.Phys.},
	Pages = {575-600},
	Primaryclass = {nucl-th},
	Reportnumber = {NT-UW-99-18},
	Slaccitation = {%%CITATION = NUCL-TH/9905059;%%},
	Title = {{Elastic and inelastic neutrino deuteron scattering in effective field theory}},
	Volume = {A675},
	Year = {2000},
	Bdsk-Url-1 = {http://dx.doi.org/10.1016/S0375-9474(99)00682-X}}

@article{Kong:1999tw,
	Archiveprefix = {arXiv},
	Author = {Kong, Xinwei and Ravndal, Finn},
	Doi = {10.1016/S0375-9474(99)00314-0},
	Eprint = {nucl-th/9902064},
	Journal = {Nucl.Phys.},
	Pages = {421-429},
	Primaryclass = {nucl-th},
	Slaccitation = {%%CITATION = NUCL-TH/9902064;%%},
	Title = {{Proton proton fusion in leading order of effective field theory}},
	Volume = {A656},
	Year = {1999},
	Bdsk-Url-1 = {http://dx.doi.org/10.1016/S0375-9474(99)00314-0}}

@article{Kong:1999mp,
	Archiveprefix = {arXiv},
	Author = {Kong, Xinwei and Ravndal, Finn},
	Doi = {10.1016/S0370-2693(99)01149-1},
	Eprint = {nucl-th/9904066},
	Journal = {Phys.Lett.},
	Pages = {1-5},
	Primaryclass = {nucl-th},
	Slaccitation = {%%CITATION = NUCL-TH/9904066;%%},
	Title = {{Effective range corrections to the proton proton fusion rate}},
	Volume = {B470},
	Year = {1999},
	Bdsk-Url-1 = {http://dx.doi.org/10.1016/S0370-2693(99)01149-1}}

@article{Butler:2001jj,
	Archiveprefix = {arXiv},
	Author = {Butler, Malcolm and Chen, Jiunn-Wei},
	Doi = {10.1016/S0370-2693(01)01152-2},
	Eprint = {nucl-th/0101017},
	Journal = {Phys.Lett.},
	Pages = {87-91},
	Primaryclass = {nucl-th},
	Reportnumber = {DOE-ER-40762-217, UMD-PP-01-031},
	Slaccitation = {%%CITATION = NUCL-TH/0101017;%%},
	Title = {{Proton proton fusion in effective field theory to fifth order}},
	Volume = {B520},
	Year = {2001},
	Bdsk-Url-1 = {http://dx.doi.org/10.1016/S0370-2693(01)01152-2}}

@article{Butler:2000zp,
	Archiveprefix = {arXiv},
	Author = {Butler, Malcolm and Chen, Jiunn-Wei and Kong, Xinwei},
	Doi = {10.1103/PhysRevC.63.035501},
	Eprint = {nucl-th/0008032},
	Journal = {Phys.Rev.},
	Pages = {035501},
	Primaryclass = {nucl-th},
	Reportnumber = {UMD-PP-01-004},
	Slaccitation = {%%CITATION = NUCL-TH/0008032;%%},
	Title = {{Neutrino deuteron scattering in effective field theory at next-to-next-to-leading order}},
	Volume = {C63},
	Year = {2001},
	Bdsk-Url-1 = {http://dx.doi.org/10.1103/PhysRevC.63.035501}}

@article{Orginos:2012js,
	Author = {Orginos, Kostas and Detmold, William},
	Journal = {PoS},
	Pages = {147},
	Reportnumber = {JLAB-THY-12-1669},
	Slaccitation = {%%CITATION = POSCI,LATTICE2012,147;%%},
	Title = {{Multi-baryon systems}},
	Volume = {LATTICE2012},
	Year = {2012}}

@article{Lepage89,
	Author = {Lepage, G. Peter},
	Note = {Invited lectures given at TASI'89 Summer School, Boulder, CO, Jun 4-30, 1989},
	Title = {{The Analysis Of Algorithms For Lattice Field Theory}},
	Year = {1989}}

@article{Beane:2012vq,
	Archiveprefix = {arXiv},
	Author = {Beane, Silas R. and Chang, Emmanuel and Cohen, Saul D. and Detmold, William and Lin, H.W. and others},
	Doi = {10.1103/PhysRevD.87.034506},
	Eprint = {1206.5219},
	Journal = {Phys.Rev.},
	Pages = {034506},
	Primaryclass = {hep-lat},
	Reportnumber = {ICCUB-12-309, JLAB-THY-12-1581, NT-UW-12-09, NT-LBNL-12-012, UCB-NPAT-12-011, UNH-12-04, NT@UW-12-09, --UCB-NPAT-12-011},
	Slaccitation = {%%CITATION = ARXIV:1206.5219;%%},
	Title = {{Light Nuclei and Hypernuclei from Quantum Chromodynamics in the Limit of SU(3) Flavor Symmetry}},
	Volume = {D87},
	Year = {2013},
	Bdsk-Url-1 = {http://dx.doi.org/10.1103/PhysRevD.87.034506}}

@article{Beane:2011iw,
	Archiveprefix = {arXiv},
	Author = {Beane, Silas R. and others},
	Collaboration = {NPLQCD Collaboration},
	Doi = {10.1103/PhysRevD.85.054511},
	Eprint = {1109.2889},
	Journal = {Phys.Rev.},
	Pages = {054511},
	Primaryclass = {hep-lat},
	Reportnumber = {ICCUB-11-165, NT@UW-11-21, NT-LBNL-11-017, UCB-NPAT-11-012, UNH-11-5},
	Slaccitation = {%%CITATION = ARXIV:1109.2889;%%},
	Title = {{The Deuteron and Exotic Two-Body Bound States from Lattice QCD}},
	Volume = {D85},
	Year = {2012},
	Bdsk-Url-1 = {http://dx.doi.org/10.1103/PhysRevD.85.054511}}

@article{Yamazaki:2012hi,
	Archiveprefix = {arXiv},
	Author = {Yamazaki, Takeshi and Ishikawa, Ken-ichi and Kuramashi, Yoshinobu and Ukawa, Akira},
	Doi = {10.1103/PhysRevD.86.074514},
	Eprint = {1207.4277},
	Journal = {Phys.Rev.},
	Pages = {074514},
	Primaryclass = {hep-lat},
	Reportnumber = {UTCCS-P-67, UTHEP-642},
	Slaccitation = {%%CITATION = ARXIV:1207.4277;%%},
	Title = {{Helium nuclei, deuteron and dineutron in 2+1 flavor lattice QCD}},
	Volume = {D86},
	Year = {2012},
	Bdsk-Url-1 = {http://dx.doi.org/10.1103/PhysRevD.86.074514}}


@article{Dudek:2011bn,
      author         = "Dudek, Jozef J.",
      title          = "{The lightest hybrid meson supermultiplet in QCD}",
      journal        = "Phys. Rev.",
      volume         = "D84",
      year           = "2011",
      pages          = "074023",
      doi            = "10.1103/PhysRevD.84.074023",
      eprint         = "1106.5515",
      archivePrefix  = "arXiv",
      primaryClass   = "hep-ph",
      reportNumber   = "JLAB-THY-11-1387",
      SLACcitation   = "%%CITATION = ARXIV:1106.5515;%%"
}
@article{Dudek:2011tt,
	Archiveprefix = {arXiv},
	Author = {Dudek, Jozef J. and Edwards, Robert G. and Joo, Balint and Peardon, Michael J. and Richards, David G. and others},
	Doi = {10.1103/PhysRevD.83.111502},
	Eprint = {1102.4299},
	Journal = {Phys.Rev.},
	Pages = {111502},
	Primaryclass = {hep-lat},
	Reportnumber = {JLAB-THY-11-1314, TCD-MATH-11-02},
	Slaccitation = {%%CITATION = ARXIV:1102.4299;%%},
	Title = {{Isoscalar meson spectroscopy from lattice QCD}},
	Volume = {D83},
	Year = {2011},
	Bdsk-Url-1 = {http://dx.doi.org/10.1103/PhysRevD.83.111502}}

@article{Bedaque:2010hr,
	Archiveprefix = {arXiv},
	Author = {Bedaque, Paulo F. and Luu, Thomas and Platter, Lucas},
	Doi = {10.1103/PhysRevC.83.045803},
	Eprint = {1012.3840},
	Journal = {Phys.Rev.},
	Pages = {045803},
	Primaryclass = {nucl-th},
	Reportnumber = {INT-PUB-10-067},
	Slaccitation = {%%CITATION = ARXIV:1012.3840;%%},
	Title = {{Quark mass variation constraints from Big Bang nucleosynthesis}},
	Volume = {C83},
	Year = {2011},
	Bdsk-Url-1 = {http://dx.doi.org/10.1103/PhysRevC.83.045803}}

@article{Luu:2009,
	Author = {Luu, Thomas and Walker-Loud, Andre},
	Doi = {10.1088/1742-6596/180/1/012081},
	Journal = {Journ. Phys. Conf. Ser.},
	Pages = {012081},
	Title = {{Nuclear Forces and High-Performance Computing: The Perfect Match}},
	Volume = {180},
	Year = {2009},
	Bdsk-Url-1 = {http://dx.doi.org/10.1088/1742-6596/180/1/012081}}

@article{Briceno:2012rv,
	Archiveprefix = {arXiv},
	Author = {Brice\~no, Raul A. and Davoudi, Zohreh},
	Doi = {10.1103/PhysRevD.87.094507},
	Eprint = {1212.3398},
	Journal = {Phys.Rev.},
	Pages = {094507},
	Primaryclass = {hep-lat},
	Reportnumber = {NT@UW-12-18},
	Slaccitation = {%%CITATION = ARXIV:1212.3398;%%},
	Title = {{Three-particle scattering amplitudes from a finite volume formalism}},
	Volume = {D87},
	Year = {2012},
	Bdsk-Url-1 = {http://dx.doi.org/10.1103/PhysRevD.87.094507}}

@article{Murano:2013xxa,
	Archiveprefix = {arXiv},
	Author = {Murano, Keiko and Ishii, Noriyoshi and Aoki, Sinya and Doi, Takumi and Hatsuda, Tetsuo and others},
	Eprint = {1305.2293},
	Primaryclass = {hep-lat},
	Reportnumber = {YITP-13-28-, RIKEN-QHP-86, UTCCS-P-72},
	Slaccitation = {%%CITATION = ARXIV:1305.2293;%%},
	Title = {{Spin-Orbit Force from Lattice QCD}},
	Year = {2013}}

@article{Chen:1999tn,
	Archiveprefix = {arXiv},
	Author = {Chen, Jiunn-Wei and Rupak, Gautam and Savage, Martin J.},
	Doi = {10.1016/S0375-9474(99)00298-5},
	Eprint = {nucl-th/9902056},
	Journal = {Nucl.Phys.},
	Pages = {386-412},
	Primaryclass = {nucl-th},
	Reportnumber = {NT-UW-99-14, JLAB-THY-99-50},
	Slaccitation = {%%CITATION = NUCL-TH/9902056;%%},
	Title = {{Nucleon-nucleon effective field theory without pions}},
	Volume = {A653},
	Year = {1999},
	Bdsk-Url-1 = {http://dx.doi.org/10.1016/S0375-9474(99)00298-5}}

@article{Li:2012bi,
	Archiveprefix = {arXiv},
	Author = {Li, Ning and Liu, Chuan},
	Doi = {10.1103/PhysRevD.87.014502},
	Eprint = {1209.2201},
	Journal = {Phys.Rev.},
	Pages = {014502},
	Primaryclass = {hep-lat},
	Slaccitation = {%%CITATION = ARXIV:1209.2201;%%},
	Title = {{Generalized Luscher Formula in Multi-channel Baryon-Meson Scattering}},
	Volume = {D87},
	Year = {2013},
	Bdsk-Url-1 = {http://dx.doi.org/10.1103/PhysRevD.87.014502}}

@article{Mohler:2012nh,
      author         = "Mohler, Daniel",
      title          = "{Review of lattice studies of resonances}",
      booktitle      = "{Proceedings, 30th International Symposium on Lattice
                        Field Theory (Lattice 2012)}",
      journal        = "PoS",
      volume         = "LATTICE2012",
      year           = "2012",
      pages          = "003",
      eprint         = "1211.6163",
      archivePrefix  = "arXiv",
      primaryClass   = "hep-lat",
      reportNumber   = "FERMILAB-CONF-12-617-T",
      SLACcitation   = "%%CITATION = ARXIV:1211.6163;%%"
}

@article{Prelovsek:2014zga,
      author         = "Prelovsek, Sasa",
      title          = "{Hadron Spectroscopy}",
      booktitle      = "{Proceedings, 32nd International Symposium on Lattice
                        Field Theory (Lattice 2014)}",
      journal        = "PoS",
      volume         = "LATTICE2014",
      year           = "2014",
      pages          = "015",
      eprint         = "1411.0405",
      archivePrefix  = "arXiv",
      primaryClass   = "hep-lat",
      reportNumber   = "IJS-71",
      SLACcitation   = "%%CITATION = ARXIV:1411.0405;%%"
}
@article{Kreuzer:2008bi,
	Archiveprefix = {arXiv},
	Author = {Kreuzer, Simon and Hammer, Hans-Werner},
	Doi = {10.1016/j.physletb.2009.02.035},
	Eprint = {0811.0159},
	Journal = {Phys.Lett.},
	Pages = {260-263},
	Primaryclass = {nucl-th},
	Reportnumber = {HISKP-TH-08-17},
	Slaccitation = {%%CITATION = ARXIV:0811.0159;%%},
	Title = {{Efimov physics in a finite volume}},
	Volume = {B673},
	Year = {2009},
	Bdsk-Url-1 = {http://dx.doi.org/10.1016/j.physletb.2009.02.035}}

@article{Kreuzer:2009jp,
	Archiveprefix = {arXiv},
	Author = {Kreuzer, Simon and Hammer, Hans-Werner},
	Doi = {10.1140/epja/i2010-10910-6},
	Eprint = {0910.2191},
	Journal = {Eur.Phys.J.},
	Pages = {229-240},
	Primaryclass = {nucl-th},
	Reportnumber = {HISKP-TH-09-32},
	Slaccitation = {%%CITATION = ARXIV:0910.2191;%%},
	Title = {{On the modification of the Efimov spectrum in a finite cubic box}},
	Volume = {A43},
	Year = {2010},
	Bdsk-Url-1 = {http://dx.doi.org/10.1140/epja/i2010-10910-6}}

@article{Guo:2013qla,
	Archiveprefix = {arXiv},
	Author = {Guo, Peng},
	Eprint = {1303.3349},
	Primaryclass = {hep-lat},
	Slaccitation = {%%CITATION = ARXIV:1303.3349;%%},
	Title = {{The three-particle system on a torus}},
	Year = {2013}}

@article{Hansen:2012tf,
	Archiveprefix = {arXiv},
	Author = {Hansen, Maxwell T. and Sharpe, Stephen R.},
	Doi = {10.1103/PhysRevD.86.016007},
	Eprint = {1204.0826},
	Journal = {Phys.Rev.},
	Pages = {016007},
	Primaryclass = {hep-lat},
	Slaccitation = {%%CITATION = ARXIV:1204.0826;%%},
	Title = {{Multiple-channel generalization of Lellouch-Luscher formula}},
	Volume = {D86},
	Year = {2012},
	Bdsk-Url-1 = {http://dx.doi.org/10.1103/PhysRevD.86.016007}}

@article{Hansen:2012bj,
	Archiveprefix = {arXiv},
	Author = {Hansen, Maxwell T. and Sharpe, Stephen R.},
	Eprint = {1211.0511},
	Journal = {PoS},
	Pages = {127},
	Primaryclass = {hep-lat},
	Slaccitation = {%%CITATION = ARXIV:1211.0511;%%},
	Title = {{Multiple-channel generalization of Lellouch-Luscher formula: Lattice 2012 conference proceedings}},
	Volume = {LATTICE2012},
	Year = {2012}}

@article{Kim:2005gf,
	Archiveprefix = {arXiv},
	Author = {Kim, C.h. and Sachrajda, C.T. and Sharpe, Stephen R.},
	Doi = {10.1016/j.nuclphysb.2005.08.029},
	Eprint = {hep-lat/0507006},
	Journal = {Nucl.Phys.},
	Pages = {218-243},
	Primaryclass = {hep-lat},
	Reportnumber = {UW-PT-05-16, SHEP-0518},
	Title = {{Finite-volume effects for two-hadron states in moving frames}},
	Volume = {B727},
	Year = {2005},
	Bdsk-Url-1 = {http://dx.doi.org/10.1016/j.nuclphysb.2005.08.029}}


@article{Gockeler:2012yj,
	Archiveprefix = {arXiv},
	Author = {Gockeler, M. and Horsley, R. and Lage, M. and Meissner, U.-G. and Rakow, P.E.L. and others},
	Doi = {10.1103/PhysRevD.86.094513},
	Eprint = {1206.4141},
	Journal = {Phys.Rev.},
	Pages = {094513},
	Primaryclass = {hep-lat},
	Reportnumber = {ADP-12-27-T794, DESY-12-098, EDINBURGH-2012-09, LTH-948},
	Slaccitation = {%%CITATION = ARXIV:1206.4141;%%},
	Title = {{Scattering phases for meson and baryon resonances on general moving-frame lattices}},
	Volume = {D86},
	Year = {2012},
	Bdsk-Url-1 = {http://dx.doi.org/10.1103/PhysRevD.86.094513}}

@article{Rummukainen:1995vs,
	Archiveprefix = {arXiv},
	Author = {Rummukainen, K. and Gottlieb, Steven A.},
	Doi = {10.1016/0550-3213(95)00313-H},
	Eprint = {hep-lat/9503028},
	Journal = {Nucl. Phys.},
	Pages = {397-436},
	Title = {{Resonance scattering phase shifts on a nonrest frame lattice}},
	Volume = {B450},
	Year = {1995},
	Bdsk-Url-1 = {http://dx.doi.org/10.1016/0550-3213(95)00313-H}}

@article{Luscher:1986pf,
	Author = {Luscher, M.},
	Doi = {10.1007/BF01211097},
	Journal = {Commun.Math.Phys.},
	Pages = {153-188},
	Reportnumber = {DESY 86/034},
	Title = {{Volume Dependence of the Energy Spectrum in Massive Quantum Field Theories. 2. Scattering States}},
	Volume = {105},
	Year = {1986},
	Bdsk-Url-1 = {http://dx.doi.org/10.1007/BF01211097}}

@article{Luscher:1985dn,
	Author = {Luscher, M.},
	Doi = {10.1007/BF01211589},
	Journal = {Commun.Math.Phys.},
	Pages = {177},
	Reportnumber = {DESY 85/144},
	Slaccitation = {%%CITATION = CMPHA,104,177;%%},
	Title = {{Volume Dependence of the Energy Spectrum in Massive Quantum Field Theories. 1. Stable Particle States}},
	Volume = {104},
	Year = {1986},
	Bdsk-Url-1 = {http://dx.doi.org/10.1007/BF01211589}}

@article{Luscher:1990ux,
	Author = {Luscher, Martin},
	Doi = {10.1016/0550-3213(91)90366-6},
	Journal = {Nucl.Phys.},
	Pages = {531-578},
	Reportnumber = {DESY-90-131},
	Title = {{Two particle states on a torus and their relation to the scattering matrix}},
	Volume = {B354},
	Year = {1991},
	Bdsk-Url-1 = {http://dx.doi.org/10.1016/0550-3213(91)90366-6}}

@article{Aoki:2005uf,
	Archiveprefix = {arXiv},
	Author = {Aoki, Sinya and others},
	Collaboration = {CP-PACS Collaboration},
	Doi = {10.1103/PhysRevD.71.094504},
	Eprint = {hep-lat/0503025},
	Journal = {Phys.Rev.},
	Pages = {094504},
	Primaryclass = {hep-lat},
	Reportnumber = {UTHEP-2005-0318},
	Slaccitation = {%%CITATION = HEP-LAT/0503025;%%},
	Title = {{I=2 pion scattering length from two-pion wave functions}},
	Volume = {D71},
	Year = {2005},
	Bdsk-Url-1 = {http://dx.doi.org/10.1103/PhysRevD.71.094504}}

@article{Lellouch:2000pv,
	Archiveprefix = {arXiv},
	Author = {Lellouch, Laurent and Luscher, Martin},
	Eprint = {hep-lat/0003023},
	Journal = {Commun.Math.Phys.},
	Pages = {31-44},
	Primaryclass = {hep-lat},
	Reportnumber = {CERN-TH-2000-091, CPT-2000-PE-3984, LAPTH-788-00},
	Title = {{Weak transition matrix elements from finite volume correlation functions}},
	Volume = {219},
	Year = {2001}}

@article{Ishizuka:2009bx,
	Archiveprefix = {arXiv},
	Author = {Ishizuka, Naruhito},
	Eprint = {0910.2772},
	Journal = {PoS},
	Pages = {119},
	Primaryclass = {hep-lat},
	Slaccitation = {%%CITATION = ARXIV:0910.2772;%%},
	Title = {{Derivation of Luscher's finite size formula for N pi and NN system}},
	Volume = {LAT2009},
	Year = {2009}}

@article{Bernard:2008ax,
	Archiveprefix = {arXiv},
	Author = {Bernard, Veronique and Lage, Michael and Meissner, Ulf-G. and Rusetsky, Akaki},
	Doi = {10.1088/1126-6708/2008/08/024},
	Eprint = {0806.4495},
	Journal = {JHEP},
	Pages = {024},
	Primaryclass = {hep-lat},
	Reportnumber = {HISKP-TH-08-08, FZJ-IKP(TH)-08-10},
	Slaccitation = {%%CITATION = ARXIV:0806.4495;%%},
	Title = {{Resonance properties from the finite-volume energy spectrum}},
	Volume = {0808},
	Year = {2008},
	Bdsk-Url-1 = {http://dx.doi.org/10.1088/1126-6708/2008/08/024}}

@article{Maiani:1990ca,
	Author = {Maiani, Luciano and Testa, Marianna},
	Doi = {10.1016/0370-2693(90)90695-3},
	Journal = {Phys.Lett.},
	Pages = {585-590},
	Slaccitation = {%%CITATION = PHLTA,B245,585;%%},
	Title = {{Final state interactions from Euclidean correlation functions}},
	Volume = {B245},
	Year = {1990},
	Bdsk-Url-1 = {http://dx.doi.org/10.1016/0370-2693(90)90695-3}}

@article{Beane:2011sc,
	Archiveprefix = {arXiv},
	Author = {Beane, Silas R. and others},
	Collaboration = {NPLQCD Collaboration},
	Doi = {10.1103/PhysRevD.85.034505},
	Eprint = {1107.5023},
	Journal = {Phys.Rev.},
	Pages = {034505},
	Primaryclass = {hep-lat},
	Reportnumber = {UNH-11-3, NT@UW-11-12, ICCUB-11-159, UCB-NPAT-11-008, NT-LBNL-11-012, JLAB-THY-11-1381},
	Slaccitation = {%%CITATION = ARXIV:1107.5023;%%},
	Title = {{The I=2 pipi S-wave Scattering Phase Shift from Lattice QCD}},
	Volume = {D85},
	Year = {2012},
	Bdsk-Url-1 = {http://dx.doi.org/10.1103/PhysRevD.85.034505}}

@article{Beane:2012ey,
	Archiveprefix = {arXiv},
	Author = {Beane, S.R. and Chang, E. and Cohen, S.D. and Detmold, W. and Lin, H.-W. and others},
	Doi = {10.1103/PhysRevLett.109.172001},
	Eprint = {1204.3606},
	Journal = {Phys.Rev.Lett.},
	Pages = {172001},
	Primaryclass = {hep-lat},
	Reportnumber = {UNH-12-03, JLAB-THY-12-1509, NT-UW-12-06, NT-LBNL-12-005, UCB-NPAT-12-005, NT@UW-12-06, --UCB-NPAT-12-005},
	Slaccitation = {%%CITATION = ARXIV:1204.3606;%%},
	Title = {{Hyperon-Nucleon Interactions and the Composition of Dense Nuclear Matter from Quantum Chromodynamics}},
	Volume = {109},
	Year = {2012},
	Bdsk-Url-1 = {http://dx.doi.org/10.1103/PhysRevLett.109.172001}}

@article{Beane:2010hg,
	Archiveprefix = {arXiv},
	Author = {Beane, Silas R. and others},
	Collaboration = {NPLQCD Collaboration},
	Doi = {10.1103/PhysRevLett.106.162001},
	Eprint = {1012.3812},
	Journal = {Phys.Rev.Lett.},
	Pages = {162001},
	Primaryclass = {hep-lat},
	Reportnumber = {JLAB-THY-10-1296},
	Slaccitation = {%%CITATION = ARXIV:1012.3812;%%},
	Title = {{Evidence for a Bound H-dibaryon from Lattice QCD}},
	Volume = {106},
	Year = {2011},
	Bdsk-Url-1 = {http://dx.doi.org/10.1103/PhysRevLett.106.162001}}

@article{Beane:2011xf,
	Archiveprefix = {arXiv},
	Author = {Beane, Silas R. and Chang, Emmanuel and Detmold, William and Joo, B. and Lin, H.W. and others},
	Doi = {10.1142/S0217732311036978},
	Eprint = {1103.2821},
	Journal = {Mod.Phys.Lett.},
	Pages = {2587-2595},
	Primaryclass = {hep-lat},
	Reportnumber = {UNH-11-1, ICCUB-11-125, JLAB-THY-11-1326, NT@UW-11-02, IUHET-558, UCB-NPAT-11-003, NT-LBNL-11-005},
	Slaccitation = {%%CITATION = ARXIV:1103.2821;%%},
	Title = {{Present Constraints on the H-dibaryon at the Physical Point from Lattice QCD}},
	Volume = {A26},
	Year = {2011},
	Bdsk-Url-1 = {http://dx.doi.org/10.1142/S0217732311036978}}

@article{Durr:2008zz,
	Archiveprefix = {arXiv},
	Author = {Durr, S. and Fodor, Z. and Frison, J. and Hoelbling, C. and Hoffmann, R. and others},
	Doi = {10.1126/science.1163233},
	Eprint = {0906.3599},
	Journal = {Science},
	Pages = {1224-1227},
	Primaryclass = {hep-lat},
	Slaccitation = {%%CITATION = ARXIV:0906.3599;%%},
	Title = {{Ab-Initio Determination of Light Hadron Masses}},
	Volume = {322},
	Year = {2008},
	Bdsk-Url-1 = {http://dx.doi.org/10.1126/science.1163233}}

@article{Dudek:2012xn,
	Archiveprefix = {arXiv},
	Author = {Dudek, Jozef J. and Edwards, Robert G. and Thomas, Christopher E.},
	Doi = {10.1103/PhysRevD.87.034505},
	Eprint = {1212.0830},
	Journal = {Phys.Rev.},
	Pages = {034505},
	Primaryclass = {hep-ph},
	Reportnumber = {JLAB-THY-12-1666, TCDMATH-12-10},
	Slaccitation = {%%CITATION = ARXIV:1212.0830;%%},
	Title = {{Energy dependence of the ${\rho}$ resonance in ${\pi}{\pi}$ elastic scattering from lattice QCD}},
	Volume = {D87},
	Year = {2013},
	Bdsk-Url-1 = {http://dx.doi.org/10.1103/PhysRevD.87.034505}}

@article{He:2005ey,
	Archiveprefix = {arXiv},
	Author = {He, Song and Feng, Xu and Liu, Chuan},
	Doi = {10.1088/1126-6708/2005/07/011},
	Eprint = {hep-lat/0504019},
	Journal = {JHEP},
	Pages = {011},
	Primaryclass = {hep-lat},
	Slaccitation = {%%CITATION = HEP-LAT/0504019;%%},
	Title = {{Two particle states and the S-matrix elements in multi-channel scattering}},
	Volume = {0507},
	Year = {2005},
	Bdsk-Url-1 = {http://dx.doi.org/10.1088/1126-6708/2005/07/011}}

@article{Lage:2009zv,
	Archiveprefix = {arXiv},
	Author = {Lage, Michael and Meissner, Ulf-G. and Rusetsky, Akaki},
	Doi = {10.1016/j.physletb.2009.10.055},
	Eprint = {0905.0069},
	Journal = {Phys.Lett.},
	Pages = {439-443},
	Primaryclass = {hep-lat},
	Reportnumber = {HISKP-TH-09-17, FZJ-IKP-TH-2009-15},
	Slaccitation = {%%CITATION = ARXIV:0905.0069;%%},
	Title = {{A Method to measure the antikaon-nucleon scattering length in lattice QCD}},
	Volume = {B681},
	Year = {2009},
	Bdsk-Url-1 = {http://dx.doi.org/10.1016/j.physletb.2009.10.055}}

@article{Aoki:2007rd,
	Archiveprefix = {arXiv},
	Author = {Aoki, S. and others},
	Collaboration = {CP-PACS Collaboration},
	Doi = {10.1103/PhysRevD.76.094506},
	Eprint = {0708.3705},
	Journal = {Phys.Rev.},
	Pages = {094506},
	Primaryclass = {hep-lat},
	Slaccitation = {%%CITATION = ARXIV:0708.3705;%%},
	Title = {{Lattice QCD Calculation of the rho Meson Decay Width}},
	Volume = {D76},
	Year = {2007},
	Bdsk-Url-1 = {http://dx.doi.org/10.1103/PhysRevD.76.094506}}

@article{Endres:2012cw,
	Archiveprefix = {arXiv},
	Author = {Endres, Michael G. and Kaplan, David B. and Lee, Jong-Wan and Nicholson, Amy N.},
	Doi = {10.1103/PhysRevA.87.023615},
	Eprint = {1203.3169},
	Journal = {Phys.Rev.},
	Number = {2},
	Pages = {023615},
	Primaryclass = {hep-lat},
	Reportnumber = {INT-PUB-12-011, KEK-CP-266, RIKEN-QHP-16, UM-DOE-ER-40762-517},
	Slaccitation = {%%CITATION = ARXIV:1203.3169;%%},
	Title = {{Lattice Monte Carlo calculations for unitary fermions in a finite box}},
	Volume = {A87},
	Year = {2013},
	Bdsk-Url-1 = {http://dx.doi.org/10.1103/PhysRevA.87.023615}}

@article{Drut:2012md,
	Archiveprefix = {arXiv},
	Author = {Drut, Joaquin E. and Nicholson, Amy N.},
	Doi = {10.1088/0954-3899/40/4/043101},
	Eprint = {1208.6556},
	Journal = {J.Phys.},
	Pages = {043101},
	Primaryclass = {cond-mat.stat-mech},
	Reportnumber = {LA-UR-12-22454, UM-DOE-ER-40762-524},
	Slaccitation = {%%CITATION = ARXIV:1208.6556;%%},
	Title = {{Lattice methods for strongly interacting many-body systems}},
	Volume = {G40},
	Year = {2013},
	Bdsk-Url-1 = {http://dx.doi.org/10.1088/0954-3899/40/4/043101}}

@article{Pelissier:2012pi,
	Archiveprefix = {arXiv},
	Author = {Pelissier, Craig and Alexandru, Andrei},
	Doi = {10.1103/PhysRevD.87.014503},
	Eprint = {1211.0092},
	Journal = {Phys.Rev.},
	Pages = {014503},
	Primaryclass = {hep-lat},
	Slaccitation = {%%CITATION = ARXIV:1211.0092;%%},
	Title = {{Resonance parameters of the rho-meson from asymmetrical lattices}},
	Volume = {D87},
	Year = {2013},
	Bdsk-Url-1 = {http://dx.doi.org/10.1103/PhysRevD.87.014503}}

 
@article{Berkowitz:2015eaa,
      author         = "Berkowitz, Evan and Kurth, Thorsten and Nicholson, Amy
                        and Joo, Balint and Rinaldi, Enrico and Strother, Mark and
                        Vranas, Pavlos M. and Walker-Loud, Andre",
      title          = "{Two-Nucleon Higher Partial-Wave Scattering from Lattice
                        QCD}",
      year           = "2015",
      eprint         = "1508.00886",
      archivePrefix  = "arXiv",
      primaryClass   = "hep-lat",
      reportNumber   = "LLNL-JRNL-674381, NT@WM-15-13, JLAB-THY-15-2116",
      SLACcitation   = "%%CITATION = ARXIV:1508.00886;%%"
}



@article{Wilson:2015dqa,
      author         = "Wilson, David J. and Brice\~no, Raul A. and Dudek, Jozef J.
                        and Edwards, Robert G. and Thomas, Christopher E.",
      title          = "{Coupled $\pi\pi, K\bar{K}$ scattering in $P$-wave and
                        the $\rho$ resonance from lattice QCD}",
      journal        = "Phys. Rev.",
      volume         = "D92",
      year           = "2015",
      number         = "9",
      pages          = "094502",
      doi            = "10.1103/PhysRevD.92.094502",
      eprint         = "1507.02599",
      archivePrefix  = "arXiv",
      primaryClass   = "hep-ph",
      reportNumber   = "DAMTP-2015-34, JLAB-THY-15-2101",
      SLACcitation   = "%%CITATION = ARXIV:1507.02599;%%"
}

@article{Orginos:2015aya,
      author         = "Orginos, Kostas and Parreno, Assumpta and Savage, Martin
                        J. and Beane, Silas R. and Chang, Emmanuel and Detmold,
                        William",
      title          = "{Two Nucleon Systems at $m_\pi\sim 450~{\rm MeV}$ from
                        Lattice QCD}",
      year           = "2015",
      eprint         = "1508.07583",
      archivePrefix  = "arXiv",
      primaryClass   = "hep-lat",
      reportNumber   = "INT-PUB-15-042, NSF-KITP-15-120, NT@UW-15-09,
                        MIT-CTP-4709, JLAB-THY-15-2130",
      SLACcitation   = "%%CITATION = ARXIV:1508.07583;%%"
}

@article{Bolton:2015psa,
      author         = "Bolton, Daniel R. and Brice\~no, Raul A. and Wilson, David
                        J.",
      title          = "{Connecting physical resonant amplitudes and lattice
                        QCD}",
      year           = "2015",
      eprint         = "1507.07928",
      archivePrefix  = "arXiv",
      primaryClass   = "hep-ph",
      reportNumber   = "JLAB-THY-15-2103, COLO-HEP-587",
      SLACcitation   = "%%CITATION = ARXIV:1507.07928;%%"
}


@article{Aoki:2007rd,
      author         = "Aoki, S. and others",
      title          = "{Lattice QCD Calculation of the rho Meson Decay Width}",
      collaboration  = "CP-PACS",
      journal        = "Phys. Rev.",
      volume         = "D76",
      year           = "2007",
      pages          = "094506",
      doi            = "10.1103/PhysRevD.76.094506",
      eprint         = "0708.3705",
      archivePrefix  = "arXiv",
      primaryClass   = "hep-lat",
      SLACcitation   = "%%CITATION = ARXIV:0708.3705;%%"
}
@article{Aoki:2011yj,
      author         = "Aoki, S. and others",
      title          = "{$\rho$ Meson Decay in 2+1 Flavor Lattice QCD}",
      collaboration  = "CS",
      journal        = "Phys. Rev.",
      volume         = "D84",
      year           = "2011",
      pages          = "094505",
      doi            = "10.1103/PhysRevD.84.094505",
      eprint         = "1106.5365",
      archivePrefix  = "arXiv",
      primaryClass   = "hep-lat",
      SLACcitation   = "%%CITATION = ARXIV:1106.5365;%%"
}


@article{Prelovsek:2013ela,
      author         = "Prelovsek, Sasa and Leskovec, Luka and Lang, C. B. and
                        Mohler, Daniel",
      title          = "{K $\pi$ scattering and the K* decay width from lattice
                        QCD}",
      journal        = "Phys. Rev.",
      volume         = "D88",
      year           = "2013",
      number         = "5",
      pages          = "054508",
      doi            = "10.1103/PhysRevD.88.054508",
      eprint         = "1307.0736",
      archivePrefix  = "arXiv",
      primaryClass   = "hep-lat",
      reportNumber   = "FERMILAB-PUB-13-251-T",
      SLACcitation   = "%%CITATION = ARXIV:1307.0736;%%"
}


@article{Feng:2010es,
      author         = "Feng, Xu and Jansen, Karl and Renner, Dru B.",
      title          = "{Resonance Parameters of the rho-Meson from Lattice QCD}",
      journal        = "Phys. Rev.",
      volume         = "D83",
      year           = "2011",
      pages          = "094505",
      doi            = "10.1103/PhysRevD.83.094505",
      eprint         = "1011.5288",
      archivePrefix  = "arXiv",
      primaryClass   = "hep-lat",
      reportNumber   = "DESY-10-176, SFB-CPP-10-117, MS-TP-10-14, KEK-CP-242,
                        JLAB-THY-10-1289, --JLAB-THY-10-1289",
      SLACcitation   = "%%CITATION = ARXIV:1011.5288;%%"
}


@article{Lang:2014yfa,
      author         = "Lang, C. B. and Leskovec, Luka and Mohler, Daniel and
                        Prelovsek, Sasa and Woloshyn, R. M.",
      title          = "{Ds mesons with DK and D*K scattering near threshold}",
      journal        = "Phys. Rev.",
      volume         = "D90",
      year           = "2014",
      number         = "3",
      pages          = "034510",
      doi            = "10.1103/PhysRevD.90.034510",
      eprint         = "1403.8103",
      archivePrefix  = "arXiv",
      primaryClass   = "hep-lat",
      reportNumber   = "FERMILAB-PUB-14-063-T",
      SLACcitation   = "%%CITATION = ARXIV:1403.8103;%%"
}


@article{Lang:2015hza,
      author         = "Lang, C. B. and Mohler, Daniel and Prelovsek, Sasa and
                        Woloshyn, R. M.",
      title          = "{Predicting positive parity B$_s$ mesons from lattice
                        QCD}",
      journal        = "Phys. Lett.",
      volume         = "B750",
      year           = "2015",
      pages          = "17-21",
      doi            = "10.1016/j.physletb.2015.08.038",
      eprint         = "1501.01646",
      archivePrefix  = "arXiv",
      primaryClass   = "hep-lat",
      reportNumber   = "FERMILAB-PUB-15-002-T",
      SLACcitation   = "%%CITATION = ARXIV:1501.01646;%%"
}


@article{Lang:2011mn,
	Archiveprefix = {arXiv},
	Author = {Lang, C.B. and Mohler, Daniel and Prelovsek, Sasa and Vidmar, Matija},
	Doi = {10.1103/PhysRevD.84.054503},
	Eprint = {1105.5636},
	Journal = {Phys.Rev.},
	Pages = {054503},
	Primaryclass = {hep-lat},
	Slaccitation = {%%CITATION = ARXIV:1105.5636;%%},
	Title = {{Coupled channel analysis of the rho meson decay in lattice QCD}},
	Volume = {D84},
	Year = {2011},
	Bdsk-Url-1 = {http://dx.doi.org/10.1103/PhysRevD.84.054503}}

@article{Luu:2011ep,
	Archiveprefix = {arXiv},
	Author = {Luu, Thomas and Savage, Martin J.},
	Doi = {10.1103/PhysRevD.83.114508},
	Eprint = {1101.3347},
	Journal = {Phys.Rev.},
	Pages = {114508},
	Primaryclass = {hep-lat},
	Slaccitation = {%%CITATION = ARXIV:1101.3347;%%},
	Title = {{Extracting Scattering Phase-Shifts in Higher Partial-Waves from Lattice QCD Calculations}},
	Volume = {D83},
	Year = {2011},
	Bdsk-Url-1 = {http://dx.doi.org/10.1103/PhysRevD.83.114508}}

@article{Aoki:2009ji,
	Archiveprefix = {arXiv},
	Author = {Aoki, Sinya and Hatsuda, Tetsuo and Ishii, Noriyoshi},
	Doi = {10.1143/PTP.123.89},
	Eprint = {0909.5585},
	Journal = {Prog.Theor.Phys.},
	Pages = {89-128},
	Primaryclass = {hep-lat},
	Reportnumber = {TKYNT-09-19, UTHEP-591},
	Slaccitation = {%%CITATION = ARXIV:0909.5585;%%},
	Title = {{Theoretical Foundation of the Nuclear Force in QCD and its applications to Central and Tensor Forces in Quenched Lattice QCD Simulations}},
	Volume = {123},
	Year = {2010},
	Bdsk-Url-1 = {http://dx.doi.org/10.1143/PTP.123.89}}

@article{Epelbaum:2012iu,
	Archiveprefix = {arXiv},
	Author = {Epelbaum, Evgeny and Krebs, Hermann and Lahde, Timo A. and Lee, Dean and Meissner, Ulf-G.},
	Eprint = {1212.4181},
	Journal = {Phys. Rev. Lett. 110,},
	Primaryclass = {nucl-th},
	Slaccitation = {%%CITATION = ARXIV:1212.4181;%%},
	Title = {{The fate of carbon-based life as a function of the light quark mass}},
	Volume = {112502},
	Year = {2013}}

@article{Epelbaum:2013wla,
	Archiveprefix = {arXiv},
	Author = {Epelbaum, Evgeny and Krebs, Hermann and Lahde, Timo A. and Lee, Dean and Meissner, Ulf-G.},
	Eprint = {1303.4856},
	Primaryclass = {nucl-th},
	Slaccitation = {%%CITATION = ARXIV:1303.4856;%%},
	Title = {{Dependence of the triple-alpha process on the fundamental constants of nature}},
	Year = {2013}}

@article{Beane:2013br,
	Archiveprefix = {arXiv},
	Author = {Beane, S.R. and Chang, E. and Cohen, S.D. and Detmold, W. and Junnarkar, P. and others},
	Doi = {10.1103/PhysRevC.88.024003},
	Eprint = {1301.5790},
	Journal = {Phys.Rev.},
	Pages = {024003},
	Primaryclass = {hep-lat},
	Reportnumber = {MIT-CTP-4434, ICCUB-13-040, JLAB-THY-13-1689, NT@UW-13-05, NT-LBNL-13-004, UCB-NPAT-13-004, UNH-13-2, --NT-LBNL-13-004, --NT-LBNL-13-004},
	Slaccitation = {%%CITATION = ARXIV:1301.5790;%%},
	Title = {{Nucleon-Nucleon Scattering Parameters in the Limit of SU(3) Flavor Symmetry}},
	Volume = {C88},
	Year = {2013},
	Bdsk-Url-1 = {http://dx.doi.org/10.1103/PhysRevC.88.024003}}

@article{Meyer:2012wk,
	Archiveprefix = {arXiv},
	Author = {Meyer, Harvey B.},
	Eprint = {1202.6675},
	Primaryclass = {hep-lat},
	Slaccitation = {%%CITATION = ARXIV:1202.6675;%%},
	Title = {{Photodisintegration of a Bound State on the Torus}},
	Year = {2012}}


@article{Lang:2012db,
      author         = "Lang, C. B. and Verduci, V.",
      title          = "{Scattering in the ?N negative parity channel in lattice
                        QCD}",
      journal        = "Phys. Rev.",
      volume         = "D87",
      year           = "2013",
      number         = "5",
      pages          = "054502",
      doi            = "10.1103/PhysRevD.87.054502",
      eprint         = "1212.5055",
      archivePrefix  = "arXiv",
      SLACcitation   = "%%CITATION = ARXIV:1212.5055;%%"
}

@inproceedings{Bulava:2015qjz,
      author         = "Bulava, John and Horz, Ben and Fahy, Brendan and Juge,
                        K. J. and Morningstar, Colin and Wong, Chik Him",
      title          = "{Pion-pion scattering and the timelike pion form factor
                        from $N_{\mathrm{f}} = 2+1$ lattice QCD simulations using
                        the stochastic LapH method}",
      booktitle      = "{Proceedings, 33rd International Symposium on Lattice
                        Field Theory (Lattice 2015)}",
      year           = "2015",
      eprint         = "1511.02351",
      archivePrefix  = "arXiv",
      primaryClass   = "hep-lat",
      SLACcitation   = "%%CITATION = ARXIV:1511.02351;%%"
}

@article{Owen:2015fra,
      author         = "Owen, Benjamin J. and Kamleh, Waseem and Leinweber, Derek
                        B. and Mahbub, M. Selim and Menadue, Benjamin J.",
      title          = "{Transition of ???? in lattice QCD}",
      journal        = "Phys. Rev.",
      volume         = "D92",
      year           = "2015",
      number         = "3",
      pages          = "034513",
      doi            = "10.1103/PhysRevD.92.034513",
      eprint         = "1505.02876",
      archivePrefix  = "arXiv",
      primaryClass   = "hep-lat",
      reportNumber   = "ADP-15-18-T920",
      SLACcitation   = "%%CITATION = ARXIV:1505.02876;%%"
}


@article{Owen:2015gva,
      author         = "Owen, Benjamin and Kamleh, Waseem and Leinweber, Derek
                        and Menadue, Benjamin and Mahbub, Selim",
      title          = "{Light Meson Form Factors at near Physical Masses}",
      journal        = "Phys. Rev.",
      volume         = "D91",
      year           = "2015",
      number         = "7",
      pages          = "074503",
      doi            = "10.1103/PhysRevD.91.074503",
      eprint         = "1501.02561",
      archivePrefix  = "arXiv",
      primaryClass   = "hep-lat",
      reportNumber   = "ADP-15-3-T905",
      SLACcitation   = "%%CITATION = ARXIV:1501.02561;%%"
}

@article{Beane:2015yha,
      author         = "Beane, Silas R. and Chang, Emmanuel and Detmold, William
                        and Orginos, Kostas and Parreño, Assumpta and Savage,
                        Martin J. and Tiburzi, Brian C.",
      title          = "{Ab initio Calculation of the np?d? Radiative Capture
                        Process}",
      collaboration  = "NPLQCD",
      journal        = "Phys. Rev. Lett.",
      volume         = "115",
      year           = "2015",
      number         = "13",
      pages          = "132001",
      doi            = "10.1103/PhysRevLett.115.132001",
      eprint         = "1505.02422",
      archivePrefix  = "arXiv",
      primaryClass   = "hep-lat",
      reportNumber   = "INT-PUB-15-010, NT@UW-15-02, MIT-CTP-4666,
                        JLAB-THY-15-2045",
      SLACcitation   = "%%CITATION = ARXIV:1505.02422;%%"
}

@article{Meyer:2013dxa,
	Archiveprefix = {arXiv},
	Author = {Meyer, Harvey B.},
	Doi = {10.1140/epja/i2013-13084-9},
	Eprint = {1303.0138},
	Journal = {Eur.Phys.J.},
	Pages = {84},
	Primaryclass = {hep-lat},
	Reportnumber = {MITP-13-017},
	Slaccitation = {%%CITATION = ARXIV:1303.0138;%%},
	Title = {{Lattice QCD and the two-photon decay of the neutral pion}},
	Volume = {A49},
	Year = {2013},
	Bdsk-Url-1 = {http://dx.doi.org/10.1140/epja/i2013-13084-9}}

@article{Bernard:2012bi,
	Archiveprefix = {arXiv},
	Author = {Bernard, Veronique and Hoja, D. and Meissner, Ulf-G. and Rusetsky, A.},
	Doi = {10.1007/JHEP09(2012)023},
	Eprint = {1205.4642},
	Journal = {JHEP},
	Pages = {023},
	Primaryclass = {hep-lat},
	Slaccitation = {%%CITATION = ARXIV:1205.4642;%%},
	Title = {{Matrix elements of unstable states}},
	Volume = {1209},
	Year = {2012},
	Bdsk-Url-1 = {http://dx.doi.org/10.1007/JHEP09(2012)023}}

@article{Bedaque:1998mb,
	Archiveprefix = {arXiv},
	Author = {Bedaque, Paulo F. and Hammer, Hans-Werner and Van Kolck, Ubirajara},
	Doi = {10.1103/PhysRevC.58.641, 10.1103/PhysRevC.58.R641},
	Eprint = {nucl-th/9802057},
	Journal = {Phys.Rev.},
	Pages = {641-644},
	Primaryclass = {nucl-th},
	Reportnumber = {DOE-ER-40561-356, INT-98-00-4, TRI-PP-98-2, KRL-MAP-219},
	Slaccitation = {%%CITATION = NUCL-TH/9802057;%%},
	Title = {{Effective theory for neutron deuteron scattering: Energy dependence}},
	Volume = {C58},
	Year = {1998},
	Bdsk-Url-1 = {http://dx.doi.org/10.1103/PhysRevC.58.641,%2010.1103/PhysRevC.58.R641}}

@article{Bedaque:1999vb,
	Archiveprefix = {arXiv},
	Author = {Bedaque, Paulo F. and Griesshammer, Harald W.},
	Doi = {10.1016/S0375-9474(99)00691-0},
	Eprint = {nucl-th/9907077},
	Journal = {Nucl.Phys.},
	Pages = {357-379},
	Primaryclass = {nucl-th},
	Reportnumber = {DOE-ER-40561-33, NT-UW-99-3},
	Slaccitation = {%%CITATION = NUCL-TH/9907077;%%},
	Title = {{Quartet S wave neutron deuteron scattering in effective field theory}},
	Volume = {A671},
	Year = {2000},
	Bdsk-Url-1 = {http://dx.doi.org/10.1016/S0375-9474(99)00691-0}}

@article{Bedaque:2000ft,
	Archiveprefix = {arXiv},
	Author = {Bedaque, Paulo F. and Braaten, E. and Hammer, Hans-Werner},
	Doi = {10.1103/PhysRevLett.85.908},
	Eprint = {cond-mat/0002365},
	Journal = {Phys.Rev.Lett.},
	Pages = {908-911},
	Primaryclass = {cond-mat},
	Reportnumber = {DOE-ER-40561-84},
	Slaccitation = {%%CITATION = COND-MAT/0002365;%%},
	Title = {{Three body recombination in Bose gases with large scattering length}},
	Volume = {85},
	Year = {2000},
	Bdsk-Url-1 = {http://dx.doi.org/10.1103/PhysRevLett.85.908}}

@article{Bour:2011ef,
	Archiveprefix = {arXiv},
	Author = {Bour, Shahin and Koenig, Sebastian and Lee, Dean and Hammer, Hans-Werner and Meissner, Ulf-G.},
	Doi = {10.1103/PhysRevD.84.091503},
	Eprint = {1107.1272},
	Journal = {Phys.Rev.},
	Pages = {091503},
	Primaryclass = {nucl-th},
	Slaccitation = {%%CITATION = ARXIV:1107.1272;%%},
	Title = {{Topological phases for bound states moving in a finite volume}},
	Volume = {D84},
	Year = {2011},
	Bdsk-Url-1 = {http://dx.doi.org/10.1103/PhysRevD.84.091503}}

@article{Kreuzer:2012sr,
	Archiveprefix = {arXiv},
	Author = {Kreuzer, Simon and Grie$\ss$hammer, Harald W.},
	Doi = {10.1140/epja/i2012-12093-6},
	Eprint = {1205.0277},
	Journal = {Eur.Phys.J.},
	Pages = {93},
	Primaryclass = {nucl-th},
	Slaccitation = {%%CITATION = ARXIV:1205.0277;%%},
	Title = {{Three particles in a finite volume: The breakdown of spherical symmetry}},
	Volume = {A48},
	Year = {2012},
	Bdsk-Url-1 = {http://dx.doi.org/10.1140/epja/i2012-12093-6}}

@article{Miller:2006tv,
	Archiveprefix = {arXiv},
	Author = {Miller, Gerald A. and Opper, Allena K. and Stephenson, Edward J.},
	Doi = {10.1146/annurev.nucl.56.080805.140446},
	Eprint = {nucl-ex/0602021},
	Journal = {Ann.Rev.Nucl.Part.Sci.},
	Pages = {253-292},
	Primaryclass = {nucl-ex},
	Reportnumber = {NT-UW-06-05},
	Slaccitation = {%%CITATION = NUCL-EX/0602021;%%},
	Title = {{Charge symmetry breaking and QCD}},
	Volume = {56},
	Year = {2006},
	Bdsk-Url-1 = {http://dx.doi.org/10.1146/annurev.nucl.56.080805.140446}}

@article{MJSsign,
	Author = {Savage, Martin J.},
	Note = {{private communication.}},
	Year = {2010}}

@article{Agadjanov:2013kja,
	Archiveprefix = {arXiv},
	Author = {Agadjanov, Dimitri and Meissner, Ulf-G. and Rusetsky, Akaki},
	Eprint = {1310.7183},
	Primaryclass = {hep-lat},
	Slaccitation = {%%CITATION = ARXIV:1310.7183;%%},
	Title = {{Partial twisting for scalar mesons}},
	Year = {2013}}

@article{Briceno:2013hya,
	Archiveprefix = {arXiv},
	Author = {Brice\~no, Raul A. and Davoudi, Zohreh and Luu, Thomas C. and Savage, Martin J.},
	Eprint = {1311.7686},
	Primaryclass = {hep-lat},
	Reportnumber = {INT-PUB-13-045, JLAB-THY-13-1827},
	Slaccitation = {%%CITATION = ARXIV:1311.7686;%%},
	Title = {{Two-Baryon Systems with Twisted Boundary Conditions}},
	Year = {2013}}

@article{Efimov:1970zz,
	Author = {Efimov, Vitaly},
	Doi = {10.1016/0370-2693(70)90349-7},
	Journal = {Phys.Lett.},
	Pages = {563-564},
	Slaccitation = {%%CITATION = PHLTA,B33,563;%%},
	Title = {{Energy levels arising form the resonant two-body forces in a three-body system}},
	Volume = {B33},
	Year = {1970},
	Bdsk-Url-1 = {http://dx.doi.org/10.1016/0370-2693(70)90349-7}}

@article{Sasaki:2006jn,
	Archiveprefix = {arXiv},
	Author = {Sasaki, Shoichi and Yamazaki, Takeshi},
	Doi = {10.1103/PhysRevD.74.114507},
	Eprint = {hep-lat/0610081},
	Journal = {Phys.Rev.},
	Pages = {114507},
	Primaryclass = {hep-lat},
	Reportnumber = {RBRC-613},
	Slaccitation = {%%CITATION = HEP-LAT/0610081;%%},
	Title = {{Signatures of S-wave bound-state formation in finite volume}},
	Volume = {D74},
	Year = {2006},
	Bdsk-Url-1 = {http://dx.doi.org/10.1103/PhysRevD.74.114507}}

@article{Sato:2007ms,
	Archiveprefix = {arXiv},
	Author = {Sato, Ikuro and Bedaque, Paulo F.},
	Doi = {10.1103/PhysRevD.76.034502},
	Eprint = {hep-lat/0702021},
	Journal = {Phys.Rev.},
	Pages = {034502},
	Primaryclass = {HEP-LAT},
	Reportnumber = {LBNL-62480, DOE-ER-40762-383},
	Slaccitation = {%%CITATION = HEP-LAT/0702021;%%},
	Title = {{Fitting two nucleons inside a box: Exponentially suppressed corrections to the Luscher's formula}},
	Volume = {D76},
	Year = {2007},
	Bdsk-Url-1 = {http://dx.doi.org/10.1103/PhysRevD.76.034502}}

@article{Bedaque:2006yi,
	Archiveprefix = {arXiv},
	Author = {Bedaque, Paulo F. and Sato, Ikuro and Walker-Loud, Andre},
	Doi = {10.1103/PhysRevD.73.074501},
	Eprint = {hep-lat/0601033},
	Journal = {Phys.Rev.},
	Pages = {074501},
	Primaryclass = {hep-lat},
	Reportnumber = {NT-UW-05-15, LBNL-59327},
	Slaccitation = {%%CITATION = HEP-LAT/0601033;%%},
	Title = {{Finite volume corrections to pi-pi scattering}},
	Volume = {D73},
	Year = {2006},
	Bdsk-Url-1 = {http://dx.doi.org/10.1103/PhysRevD.73.074501}}

@article{Bai:2004jn,
	Archiveprefix = {arXiv},
	Author = {Bai, J.Z. and others},
	Collaboration = {BES Collaboration},
	Doi = {10.1103/PhysRevD.70.012005},
	Eprint = {hep-ex/0402013},
	Journal = {Phys.Rev.},
	Pages = {012005},
	Primaryclass = {hep-ex},
	Slaccitation = {%%CITATION = HEP-EX/0402013;%%},
	Title = {{Measurement of the branching fraction of $J / psi --->pi+ pi- pi0$}},
	Volume = {D70},
	Year = {2004},
	Bdsk-Url-1 = {http://dx.doi.org/10.1103/PhysRevD.70.012005}}

@article{Christ:2005gi,
	Archiveprefix = {arXiv},
	Author = {Christ, Norman H. and Kim, Changhoan and Yamazaki, Takeshi},
	Doi = {10.1103/PhysRevD.72.114506},
	Eprint = {hep-lat/0507009},
	Journal = {Phys.Rev.},
	Pages = {114506},
	Primaryclass = {hep-lat},
	Reportnumber = {RBRC-530, SHEP-0520, CU-TP-1131},
	Slaccitation = {%%CITATION = HEP-LAT/0507009;%%},
	Title = {{Finite volume corrections to the two-particle decay of states with non-zero momentum}},
	Volume = {D72},
	Year = {2005},
	Bdsk-Url-1 = {http://dx.doi.org/10.1103/PhysRevD.72.114506}}

@article{Goradia:1975ec,
	Author = {Goradia, Y. and Lasinski, T.A.},
	Doi = {10.1103/PhysRevD.15.220},
	Journal = {Phys.Rev.},
	Pages = {220},
	Reportnumber = {LBL-3626},
	Slaccitation = {%%CITATION = PHRVA,D15,220;%%},
	Title = {{Unitarity Constraints on $a + B --> 1 + 2 + 3$}},
	Volume = {D15},
	Year = {1977},
	Bdsk-Url-1 = {http://dx.doi.org/10.1103/PhysRevD.15.220}}

@article{Hwa:1963,
	Author = {Hwa, R.C.},
	Doi = {10.1103/PhysRev.130.2580},
	Journal = {Phys.Rev.},
	Pages = {2580},
	Title = {{Singularities in the Unphysical Sheets and the Isobar Model}},
	Volume = {130},
	Year = {1963},
	Bdsk-Url-1 = {http://dx.doi.org/10.1103/PhysRev.130.2580}}

@article{Aaron:1973ca,
	Author = {Aaron, R. and Amado, R.D.},
	Doi = {10.1103/PhysRevLett.31.1157},
	Journal = {Phys.Rev.Lett.},
	Pages = {1157-1159},
	Slaccitation = {%%CITATION = PRLTA,31,1157;%%},
	Title = {{Analysis of three-hadron final states}},
	Volume = {31},
	Year = {1973},
	Bdsk-Url-1 = {http://dx.doi.org/10.1103/PhysRevLett.31.1157}}

@article{Braaten:2011vf,
	Archiveprefix = {arXiv},
	Author = {Braaten, Eric and Hagen, P. and Hammer, Hans-Werner and Platter, Lucas},
	Doi = {10.1103/PhysRevA.86.012711},
	Eprint = {1110.6829},
	Journal = {Phys.Rev.},
	Pages = {012711},
	Primaryclass = {cond-mat.quant-gas},
	Slaccitation = {%%CITATION = ARXIV:1110.6829;%%},
	Title = {{Renormalization in the Three-body Problem with Resonant P-wave Interactions}},
	Volume = {A86},
	Year = {2012},
	Bdsk-Url-1 = {http://dx.doi.org/10.1103/PhysRevA.86.012711}}

@article{Abe:2007ff,
	Archiveprefix = {arXiv},
	Author = {Abe, T. and Seki, R.},
	Doi = {10.1103/PhysRevC.79.054003},
	Eprint = {0708.2524},
	Journal = {Phys.Rev.},
	Pages = {054003},
	Primaryclass = {nucl-th},
	Reportnumber = {MAP-335},
	Slaccitation = {%%CITATION = ARXIV:0708.2524;%%},
	Title = {{From Low-Density Neutron Matter to the Unitary Limit}},
	Volume = {C79},
	Year = {2009},
	Bdsk-Url-1 = {http://dx.doi.org/10.1103/PhysRevC.79.054003}}

@article{Inoue:2010es,
	Archiveprefix = {arXiv},
	Author = {Inoue, Takashi and others},
	Collaboration = {HAL QCD Collaboration},
	Doi = {10.1103/PhysRevLett.106.162002},
	Eprint = {1012.5928},
	Journal = {Phys.Rev.Lett.},
	Pages = {162002},
	Primaryclass = {hep-lat},
	Slaccitation = {%%CITATION = ARXIV:1012.5928;%%},
	Title = {{Bound H-dibaryon in Flavor SU(3) Limit of Lattice QCD}},
	Volume = {106},
	Year = {2011},
	Bdsk-Url-1 = {http://dx.doi.org/10.1103/PhysRevLett.106.162002}}

@article{Bedaque:1998km,
	Archiveprefix = {arXiv},
	Author = {Bedaque, Paulo F. and Hammer, Hans-Werner and Van Kolck, Ubirajara},
	Doi = {10.1016/S0375-9474(98)00650-2},
	Eprint = {nucl-th/9811046},
	Journal = {Nucl.Phys.},
	Pages = {444-466},
	Primaryclass = {nucl-th},
	Reportnumber = {DOE-ER-40561-31, TRI-PP-98-27, KRL-MAP-238, NT-UW-99-4},
	Slaccitation = {%%CITATION = NUCL-TH/9811046;%%},
	Title = {{The Three boson system with short range interactions}},
	Volume = {A646},
	Year = {1999},
	Bdsk-Url-1 = {http://dx.doi.org/10.1016/S0375-9474(98)00650-2}}

@article{Fu:2011xz,
	Archiveprefix = {arXiv},
	Author = {Fu, Ziwen},
	Doi = {10.1103/PhysRevD.85.014506},
	Eprint = {1110.0319},
	Journal = {Phys.Rev.},
	Pages = {014506},
	Primaryclass = {hep-lat},
	Slaccitation = {%%CITATION = ARXIV:1110.0319;%%},
	Title = {{Rummukainen-Gottlieb's formula on two-particle system with different mass}},
	Volume = {D85},
	Year = {2012},
	Bdsk-Url-1 = {http://dx.doi.org/10.1103/PhysRevD.85.014506}}

@article{KHydrogen1,
	Archiveprefix = {arXiv},
	Author = {Borasoy, B. and Nissler, R. and Weise, W.},
	Doi = {10.1103/PhysRevLett.94.213401},
	Eprint = {hep-ph/0410305},
	Journal = {Phys.Rev.Lett.},
	Pages = {213401},
	Primaryclass = {hep-ph},
	Title = {{Kaonic hydrogen and K- p scattering}},
	Volume = {94},
	Year = {2005},
	Bdsk-Url-1 = {http://dx.doi.org/10.1103/PhysRevLett.94.213401}}

@article{KHydrogen3,
	Archiveprefix = {arXiv},
	Author = {Borasoy, B. and Meissner, Ulf-G. . and Nissler, R.},
	Doi = {10.1103/PhysRevC.74.055201},
	Eprint = {hep-ph/0606108},
	Journal = {Phys.Rev.},
	Pages = {055201},
	Primaryclass = {hep-ph},
	Reportnumber = {HISKP-TH-06-15, FZJ-IKP-TH-2006-16},
	Title = {{K- p scattering length from scattering experiments}},
	Volume = {C74},
	Year = {2006},
	Bdsk-Url-1 = {http://dx.doi.org/10.1103/PhysRevC.74.055201}}

@article{KHydrogen4,
	Archiveprefix = {arXiv},
	Author = {Kaiser, Norbert and Siegel, P.B. and Weise, W.},
	Doi = {10.1016/0375-9474(95)00362-5},
	Eprint = {nucl-th/9505043},
	Journal = {Nucl.Phys.},
	Pages = {325-345},
	Primaryclass = {nucl-th},
	Reportnumber = {TUM-T39-95-5},
	Title = {{Chiral dynamics and the low-energy kaon - nucleon interaction}},
	Volume = {A594},
	Year = {1995},
	Bdsk-Url-1 = {http://dx.doi.org/10.1016/0375-9474(95)00362-5}}

@article{Kaplan,
	Author = {Kaplan, David B. and Nelson, Ann E.},
	Doi = {10.1016/0370-2693(86)90331-X},
	Journal = {Phys.Lett.},
	Pages = {57-63},
	Title = {{Strange Goings on in Dense Nucleonic Matter}},
	Volume = {B175},
	Year = {1986},
	Bdsk-Url-1 = {http://dx.doi.org/10.1016/0370-2693(86)90331-X}}

@article{coup1,
	Archiveprefix = {arXiv},
	Author = {Lage, Michael and Meissner, Ulf-G. and Rusetsky, Akaki},
	Doi = {10.1016/j.physletb.2009.10.055},
	Eprint = {0905.0069},
	Journal = {Phys.Lett.},
	Pages = {439-443},
	Primaryclass = {hep-lat},
	Reportnumber = {HISKP-TH-09-17, FZJ-IKP-TH-2009-15},
	Title = {{A Method to measure the antikaon-nucleon scattering length in lattice QCD}},
	Volume = {B681},
	Year = {2009},
	Bdsk-Url-1 = {http://dx.doi.org/10.1016/j.physletb.2009.10.055}}

@article{Smatrix,
	Author = {Stapp, Henry P. and Ypsilantis, Thomas J. and Metropolis, N.},
	Doi = {10.1103/PhysRev.105.302},
	Journal = {Phys.Rev.},
	Pages = {302-310},
	Title = {{Phase shift analysis of 310-MeV proton proton scattering experiments}},
	Volume = {105},
	Year = {1957},
	Bdsk-Url-1 = {http://dx.doi.org/10.1103/PhysRev.105.302}}

@article{Polejaeva:2012ut,
	Archiveprefix = {arXiv},
	Author = {Polejaeva, Kathryn and Rusetsky, Akaki},
	Eprint = {1203.1241},
	Journal = {Eur.Phys.J.},
	Pages = {67},
	Primaryclass = {hep-lat},
	Slaccitation = {%%CITATION = ARXIV:1203.1241;%%},
	Title = {{Three particles in a finite volume}},
	Volume = {A48},
	Year = {2012}}

